S                  ---- COMMENTS may be placed outside the @ENTRYTYPE{ ... } stuctures
---- CSS guidelines

---- Every journal article citation should include the DOI, assuming one exists.
---- All URLs for CMS notes, ANs, etc, should refer to the CDS server, not the CMS server. Use our standard format for them, as shown below.
----  CMS Notes not available on CDS are regarded as private and may not be cited.
----  CMS physics papers (i.e., those intended for publication in journals) may reference only POG PASs, not PAG PASs.
---- For papers by collaborations, list the collaboration in the COLLABOROATION field and put the first author and "and others" in the AUTHOR field.
----  If only the collaboration is listed as the author, put "{XXX Collaboration}" under AUTHOR.
----  Note that we automatically replace the AUTHOR field with the collaboration name for ATLAS, CMS, LHCb, and ATLAS at submission time. Please don't remove the
----  "First Author and others" in the AUTHOR field.
---- Other items:
----   PAGES: Please only list the first page, not the range.
----   ISSUE: Please do not include in most cases.
----   URL: Do not include this field if a DOI is available.
---- Number of authors to list:
----   PRL requests that we include all authors up to fifteen except for large collaborations, and we take this as our internal guide as well. If there
----   are more than fifteen, just list the first author + "and others", as above.
----   The individual journal bib style file (theirs, ours, PLB, etc.) will truncate at the appropriate point. We have ours set to _1_ for more than four.
---- Use only the URL field instead of embedding an href.
---- A reference only published on the arXiv should be listed as UNPUBLISHED (with a note "Submitted to XXX" for large collaboration papers).
----   Experimental papers only on the arXiv and not submitted for publication may not be cited.
---- Some journals will lowercase the title: use {} to protect words which must be capitalized, e.g., {LHC}, {TeV}, {CERN}, {CMS}.
----  Do not escape the entire title as it will then clash with the journal style.
---- Journal names: the journals generally include the series in the journal name, "Physical Review D", vol 5, rather than PR D5
---- >>> Please use the --preview option with the tdr script to perform a simple-minded reference check before uploading.
%
%
%    Many commonly cited papers are available under svn+ssh://svn.cern.ch/reps/tdr/utils/branches/dev/general/gen.bib and utils/trunk/higgs.bin.

%
% Notes hosted only on CDS are listed as TECHREPORTs.
%
%% Herwigpp UE Tune

@article{1748-0221-12-01-P01020,
  title = {The {CMS} trigger system} ,
  author= {CMS Collaboration},
  collaboration = {CMS Collaboration},
  journal={JINST},
  volume={12},
  pages={P01020},
  doi = {10.1088/1748-0221/12/01/P01020},
  eprint         = "1609.02366",
  archivePrefix  = "arXiv",
  url={http://stacks.iop.org/1748-0221/12/i=01/a=P01020},
  year={2017}
}
@article{PhysRevLett.119.181804,
  title = {Search for Dark Matter Produced in Association with a Higgs Boson Decaying to $b\overline{b}$ Using $36\text{ }\text{ }{\mathrm{fb}}^{\ensuremath{-}1}$ of pp Collisions at $\sqrt{s}=13\text{ }\text{ }\mathrm{TeV}$ with the ATLAS Detector},
  author = {ATLAS Collaboration},
  collaboration = {ATLAS Collaboration},
  journal = {Phys. Rev. Lett.},
  volume = {119},
  issue = {18},
  pages = {181804},
  numpages = {21},
  year = {2017},
  month = {Nov},
  publisher = {American Physical Society},
  doi = {10.1103/PhysRevLett.119.181804},
  url = {https://link.aps.org/doi/10.1103/PhysRevLett.119.181804}
}
@article{PhysRevLett.115.131801,
  title = {Search for Dark Matter in Events with Missing Transverse Momentum and a Higgs Boson Decaying to Two Photons in pp Collisions at $\sqrt{s}=8\text{ }\text{ }\mathrm{TeV}$ with the ATLAS Detector},
  author = {ATLAS Collaboration},
  collaboration = {ATLAS Collaboration},
  journal = {Phys. Rev. Lett.},
  volume = {115},
  issue = {13},
  pages = {131801},
  numpages = {19},
  year = {2015},
  month = {Sep},
  publisher = {American Physical Society},
  doi = {10.1103/PhysRevLett.115.131801},
  url = {https://link.aps.org/doi/10.1103/PhysRevLett.115.131801}
}


@article{ttbarNNLO,
      author         = "Czakon, Michał and Fiedler, Paul and Mitov, Alexander",
      title          = "{Total Top-Quark Pair-Production Cross Section at Hadron
                        Colliders Through $O(α\frac{4}{S})$}",
      journal        = "Phys. Rev. Lett.",
      volume         = "110",
      year           = "2013",
      pages          = "252004",
      doi            = "10.1103/PhysRevLett.110.252004",
      eprint         = "1303.6254",
      archivePrefix  = "arXiv",
      primaryClass   = "hep-ph",
      reportNumber   = "CERN-PH-TH-2013-056, TTK-13-08",
      SLACcitation   = "%%CITATION = ARXIV:1303.6254;%%"
}

@article{MCFM,
      author         = "Campbell, John M. and Ellis, R. Keith and Williams,
                        Ciaran",
      title          = "{Vector boson pair production at the LHC}",
      journal        = "JHEP",
      volume         = "07",
      year           = "2011",
      pages          = "018",
      doi            = "10.1007/JHEP07(2011)018",
      eprint         = "1105.0020",
      archivePrefix  = "arXiv",
      primaryClass   = "hep-ph",
      reportNumber   = "FERMILAB-PUB-11-182-T",
      SLACcitation   = "%%CITATION = ARXIV:1105.0020;%%"
}



@article{Seymour:2013qka,
      author         = "Seymour, Michael H. and Siodmok, Andrzej",
      title          = "{Constraining MPI models using $\sigma_{eff}$ and recent
                        Tevatron and LHC Underlying Event data}",
      journal        = "JHEP",
      volume         = "10",
      year           = "2013",
      pages          = "113",
      doi            = "10.1007/JHEP10(2013)113",
      eprint         = "1307.5015",
      archivePrefix  = "arXiv",
      primaryClass   = "hep-ph",
      reportNumber   = "MAN-HEP-2013-14, MCNET-13-08",
      SLACcitation   = "%%CITATION = ARXIV:1307.5015;%%"
}

@article{Gieseke:2012ft,
      author         = "Gieseke, Stefan and Rohr, Christian and Siodmok, Andrzej",
      title          = "{Colour reconnections in Herwig++}",
      journal        = "Eur. Phys. J. C",
      volume         = "72",
      year           = "2012",
      pages          = "2225",
      doi            = "10.1140/epjc/s10052-012-2225-5",
      eprint         = "1206.0041",
      archivePrefix  = "arXiv",
      primaryClass   = "hep-ph",
      reportNumber   = "MCNET-12-06, KA-TP-17-2012, MAN-HEP-2012-03",
      SLACcitation   = "%%CITATION = ARXIV:1206.0041;%%"
}


@article{herwigpp,
      author         = "Bahr, M. and others",
      title          = "{Herwig++ Physics and Manual}",
      journal        = "Eur. Phys. J. C",
      volume         = "58",
      year           = "2008",
      pages          = "639",
      doi            = "10.1140/epjc/s10052-008-0798-9",
      eprint         = "0803.0883",
      archivePrefix  = "arXiv",
      primaryClass   = "hep-ph",
      reportNumber   = "CERN-PH-TH-2008-038, CAVENDISH-HEP-08-03, KA-TP-05-2008,
                        DCPT-08-22, IPPP-08-11, CP3-08-05",
      SLACcitation   = "%%CITATION = ARXIV:0803.0883;%%"
}


@article{Abercrombie:2015wmb,
      author         = "Abercrombie, Daniel and others",
            editor         = "Boveia, Antonio and Doglioni, Caterina and Lowette,
                        Steven and Malik, Sarah and Mrenna, Stephen",
			      title          = "{Dark Matter Benchmark Models for Early LHC Run-2
                        Searches: Report of the ATLAS/CMS Dark Matter Forum}",
			      year           = "2015",
			            eprint         = "1507.00966",
				          archivePrefix  = "arXiv",
					        primaryClass   = "hep-ex",
						      reportNumber   = "FERMILAB-PUB-15-282-CD",
						            SLACcitation   = "%%CITATION = ARXIV:1507.00966;%%"
							    }

@unpublished{darkMatterForum,
    AUTHOR        = "Abercrombie, Daniel and others",
    TITLE         = "Dark Matter Benchmark Models for Early {LHC} {R}un-2 Searches: {R}eport of the {ATLAS}/{CMS} {D}ark {M}atter {F}orum",
    YEAR          = "2015",
    EPRINT        = "1507.00966",
    ARCHIVEPREFIX = "arXiv",
    PRIMARYCLASS  = "hep-ex"
}

@article{CMS-PAS-HIG-14-001,
      author         = "Khachatryan, Vardan and others",
      title          = "{Search for the associated production of a Higgs boson with a single top quark in proton-proton collisions at  $\sqrt{s} = 8$~TeV}",
      journal        = "JHEP",
      volume         = "06",
      year           = "2016",
      pages          = "177",
      doi            = "10.1007/JHEP06(2016)177",
      eprint         = "1509.08159 ",
      archivePrefix  = "arXiv",
      primaryClass   = "hep-ex"
}

@article{Chatrchyan:2013sba,
      author         = "Chatrchyan, Serguei and others",
      title          = "{Performance of the CMS muon detector and muon reconstruction with proton-proton collisions $\sqrt{s}$ = 13 TeV}",
      collaboration  = "CMS",
      journal        = "JINST",
      volume         = "13",
      year           = "2018",
      pages          = "06015",
      doi            = "10.1088/1748-0221/13/06/P06015",
      eprint         = "1804.04528",
      archivePrefix  = "arXiv",
      primaryClass   = "physics.ins-det",
      reportNumber   = "CMS-MUO-16-001, CERN-EP-2018-058",
      SLACcitation   = "%%CITATION = ARXIV:1804.04528;%%"
}
											  
@article{Khachatryan:2015hwa,
      author         = "Khachatryan, Vardan and others",
      title          = "{Performance of Electron Reconstruction and Selection with the CMS Detector in Proton-Proton Collisions at $\sqrt{s}$ = 8  TeV}",
      collaboration  = "CMS",
      journal        = "JINST",
      volume         = "10",
      year           = "2015",
      pages          = "06005",
      doi            = "10.1088/1748-0221/10/06/P06005",
      eprint         = "1502.02701",
      archivePrefix  = "arXiv",	
      primaryClass   = "physics.ins-det",
      reportNumber   = "CMS-EGM-13-001, CERN-PH-EP-2015-004",
      SLACcitation   = "%%CITATION = ARXIV:1502.02701;%%"
}

@article{Li:2012wna,
      author         = "Li, Ye and Petriello, Frank",
      title          = "{Combining QCD and electroweak corrections to dilepton
                        production in FEWZ}",
      journal        = "Phys. Rev. D",
      volume         = "86",
      year           = "2012",
      pages          = "094034",
      doi            = "10.1103/PhysRevD.86.094034",
      eprint         = "1208.5967",
      archivePrefix  = "arXiv",
      primaryClass   = "hep-ph",
      reportNumber   = "ANL-HEP-PR-12-68",
      SLACcitation   = "%%CITATION = ARXIV:1208.5967;%%"                                                                                               
}

% NLO EWK corrections for V+jets                                                                                                                       

@article{Kuhn:2005gv,
      author         = "Kuhn, Johann H. and Kulesza, A. and Pozzorini, S. and
                        Schulze, M.",
      title          = "{Electroweak corrections to hadronic photon production at
                        large transverse momenta}",
      journal        = "JHEP",
      volume         = "03",
      year           = "2006",
      pages          = "059",
      doi            = "10.1088/1126-6708/2006/03/059",
      eprint         = "hep-ph/0508253",
      archivePrefix  = "arXiv",
      primaryClass   = "hep-ph",
      reportNumber   = "TTP05-16, SFB-CPP-05-44",
      SLACcitation   = "%%CITATION = HEP-PH/0508253;%%"                                                                                                
}


@article{Kallweit:2014xda,
      author         = "Kallweit, Stefan and Lindert, Jonas M. and Maierhöfer,
                        Philipp and Pozzorini, Stefano and Schönherr, Marek",
      title          = "{NLO electroweak automation and precise predictions for
                        W+multijet production at the LHC}",
      journal        = "JHEP",
      volume         = "04",
      year           = "2015",
      pages          = "012",
      doi            = "10.1007/JHEP04(2015)012",
      eprint         = "1412.5157",
      archivePrefix  = "arXiv",
      primaryClass   = "hep-ph",
      reportNumber   = "LPN14-127, IPPP-14-107, DCPT-14-214, MCNET-14-26,
                        ZU-TH-42-14, MITP-14-102, --MITP-14-102",
      SLACcitation   = "%%CITATION = ARXIV:1412.5157;%%"                                                          
}

@article{Kallweit:2015dum,
      author         = "Kallweit, Stefan and Lindert, Jonas M. and Pozzorini,
                        Stefano and Schönherr, Marek and Maierhöfer, Philipp",
      title          = "{NLO QCD+EW predictions for V+jets including off-shell
                        vector-boson decays and multijet merging}",
      journal        = "JHEP",
      volume         = "04",
      year           = "2016",
      pages          = "021",
      doi            = "10.1007/JHEP04(2016)021",
      eprint         = "1511.08692",
      archivePrefix  = "arXiv",
      primaryClass   = "hep-ph",
      reportNumber   = "DCPT-15-140, FR-PHENO-2015-014, IPPP-15-70, MCNET-15-23,
                        --MITP-15-108, ZU-TH-41-15",
      SLACcitation   = "%%CITATION = ARXIV:1511.08692;%%"                                                                                              
}


@article{TOP-11-013,
      AUTHOR      = "{CMS Collaboration}",
      COLLABORATION = {CMS},
      title          = "{Measurement of differential top-quark-pair production cross sections in pp collisions at $\sqrt{s}$ = 7 TeV}",
      journal        = "Eur. Phys. J. C",
      volume         = "73",
      year           = "2013",
      pages          = "1",
      doi            = "10.1140/epjc/s10052-013-2339-4",
      eprint         = "",
      archivePrefix  = "arXiv",
      primaryClass   = "hep-ph",
      SLACcitation   = "%%CITATION = ARXIV:1106.0034;%%"
}



@article{WZFirstPaper,
      AUTHOR      = "{CMS Collaboration}",
      COLLABORATION = {CMS},
      title          = "{Measurements of Inclusive W and Z Cross Sections in pp Collisions at $\sqrt{s}$ = 7 TeV}",
      journal        = "JHEP",
      volume         = "01",
      year           = "2011",
      pages          = "080",
      doi            = "10.1007/JHEP01(2011)080",
      SLACcitation   = "%%CITATION = ARXIV:1106.0034;%%"
}


@article{ATLAS-2015-PAS,
      author         = "Aaboud, Morad and others",
      title          = "{Search for dark matter in association with a Higgs boson
                        decaying to $b$-quarks in pp collisions at $\sqrt
                        s=13$ TeV with the ATLAS detector}",
      collaboration  = "ATLAS",
      journal        = "Phys. Lett. B",
      volume         = "765",
      year           = "2017",
      pages          = "11",
      doi            = "10.1016/j.physletb.2016.11.035",
      eprint         = "1609.04572",
      archivePrefix  = "arXiv",
      primaryClass   = "hep-ex",
      reportNumber   = "CERN-EP-2016-181",
      SLACcitation   = "%%CITATION = ARXIV:1609.04572;%%"
}



@article{CMS-PAS-TOP-12-027,
      title         = "{Measurement of differential top-quark pair production cross sections in the lepton+jets channel in pp collisions at 8 TeV}",
      institution   = "CERN",
      collaboration = "CMS",
      address       = "Geneva",
      journal       = "Eur. Phys. J.",
      volume        = "C 75",
      year          = "2015",
      pages         = "542",
      doi           = "10.1140/epjc/s10052-015-3709-x",
      eprint         = "1505.04480",
      archivePrefix  = "arXiv",
      primaryClass   = "hep-ex"
}

@techreport{CMS-PAS-TOP-12-028,
      title         = "{Measurement of the differential ttbar cross section in the dilepton channel at 8 TeV}",
      institution   = "CERN",
      collaboration = "CMS",
      address       = "Geneva",
      number        = "CMS-PAS-TOP-12-028",
      year          = "2013",
      reportNumber  = "CMS-PAS-TOP-12-028",
      url           = "https://cds.cern.ch/record/1523664"
}



@article{Lee:1973iz,
      author         = "Lee, T. D.",
      title          = "{A Theory of Spontaneous T Violation}",
      journal        = "Phys. Rev. D",
      volume         = "8",
      year           = "1973",
      pages          = "1226",
      doi            = "10.1103/PhysRevD.8.1226",
      SLACcitation   = "%%CITATION = PHRVA,D8,1226;%%"
}

@unpublished{Craig:2013hca,
      author         = "Craig, Nathaniel and Galloway, Jamison and Thomas, Scott",
      title          = "{Searching for Signs of the Second Higgs Doublet}",
      year           = "2013",
      eprint         = "1305.2424",
      archivePrefix  = "arXiv",
      primaryClass   = "hep-ph",
      reportNumber   = "RU-NHETC-2013-07",
      SLACcitation   = "%%CITATION = ARXIV:1305.2424;%%"
}



@article{Branco:2011iw,
      author         = "Branco, G. C. and Ferreira, P. M. and Lavoura, L. and Rebelo, M. N. and Sher, Marc and Silva, Joao P.",
      title          = "{Theory and phenomenology of two-Higgs-doublet models}",
      journal        = "Phys. Rep.",
      volume         = "516",
      year           = "2012",
      pages          = "1",
      doi            = "10.1016/j.physrep.2012.02.002",
      eprint         = "1106.0034",
      archivePrefix  = "arXiv",
      primaryClass   = "hep-ph",
      SLACcitation   = "%%CITATION = ARXIV:1106.0034;%%"
}


@article{CMSTauJINST,
      AUTHOR      = "{CMS Collaboration}",
      COLLABORATION = {CMS},
      title          = "{Reconstruction and identification of $\tau$ lepton decays to hadrons and $\nu_{\tau}$ at CMS}",
      journal        = "JINST",
      volume         = "11",
      year           = "2016",
      pages          = "01019",
      doi            = "10.1088/1748-0221/11/01/P01019",
      eprint         = "1510.07488",
      archivePrefix  = "arXiv",
      primaryClass   = "hep-ph",
      SLACcitation   = "%%CITATION = ARXIV:1106.0034;%%"
}



@article{CMSMuonJINST,
      AUTHOR      = "{CMS Collaboration}",
      COLLABORATION = {CMS},
      title          = "{Performance of CMS muon reconstruction in pp collision events at $\sqrt{s}$ = 7 TeV}",
      journal        = "JINST",
      volume         = "7",
      year           = "2012",
      pages          = "10002",
      doi            = "10.1088/1748-0221/7/10/P10002",
      eprint         = "1206.4071",
      archivePrefix  = "arXiv",
      primaryClass   = "hep-ph",
      SLACcitation   = "%%CITATION = ARXIV:1106.0034;%%"
}



@article{dm1,
      author         = "Bertone, Gianfranco and Hooper, Dan and Silk, Joseph",
      title          = "{Particle Dark Matter: Evidence, Candidates and Constraints}",
      journal        = "Phys. Rept.",
      volume         = "405",
      year           = "2005",
      pages          = "279",
      doi            = "10.1016/j.physrep.2004.08.031",
      eprint         = "0404175",
      archivePrefix  = "arXiv",
      primaryClass   = "hep-ph"
}


@ARTICLE{CMS,
     COLLABORATION= "CMS",
     TITLE        = "The CMS experiment at the CERN LHC",
     JOURNAL      = "J. Instrum. ",
     VOLUME       = "03",
     PAGES        = "S08004",
     DOI          = "10.1088/1748-0221/3/08/S08004",
     YEAR         = "2008"
}


@techreport{ATLAS-CONF-2016-019,
      author       = "{ATLAS Collaboration}",
      title        = "Search for Dark Matter in association with a Higgs boson decaying to b-quarks in pp collisions at $\sqrt{s}$=13 TeV with the ATLAS detector",
      collaboration  = "ATLAS",
      institution  = "CERN",
      address      = "Geneva",
      number       = "ATLAS-CONF-2016-019",
      year         = "2016"
}

@article{ATLASHAA,
      author         = "Aad, Georges and others",
      title          = "{Search for Dark Matter in Events with Missing Transverse Momentum and a Higgs Boson Decaying to Two Photons in $\rm{pp}$ Collisions at $\sqrt{s}=8$ TeV with the ATLAS Detector}",
      collaboration  = "ATLAS",
      journal        = "Phys. Rev. Lett.",
      volume         = "115",
      year           = "2015",
      pages          = "131801",
      doi            = "10.1103/PhysRevLett.115.131801",
      eprint         = "1506.01081",
      archivePrefix  = "arXiv",
      primaryClass   = "hep-ex",
      reportNumber   = "CERN-PH-EP-2015-120",
      SLACcitation   = "%%CITATION = ARXIV:1506.01081;%%"
}

@article{ATLASHBB,
      author         = "Aad, Georges and others",
      title          = "{Search for dark matter produced in association with a Higgs boson decaying to two bottom quarks in $\rm{pp}$ collisions at $\sqrt{s} = 8$ TeV with the ATLAS detector}",
      collaboration  = "ATLAS",
      journal          = "Phys. Rev. D",
      volume          = "93",
      year           = "2016",
      pages          = "47",
      doi          =  "10.1103/PhysRevD.93.072007",
      eprint         = "1510.06218",
      archivePrefix  = "arXiv",
      primaryClass   = "hep-ex",
      reportNumber   = "CERN-PH-EP-2015-247",
      SLACcitation   = "%%CITATION = ARXIV:1510.06218;%%"
}


@article{2HDM,
      author         = "Berlin, Asher and Lin, Tongyan and Wang, Lian-Tao",
      title          = "{Mono-Higgs detection of dark matter at the LHC}",
      journal        = "JHEP",
      volume         = "06",
      year           = "2014",
      pages          = "078",
      doi            = "10.1007/JHEP06(2014)078",
      eprint         = "1402.7074",
      archivePrefix  = "arXiv",
      primaryClass   = "hep-ph",
      SLACcitation   = "%%CITATION = ARXIV:1402.7074;%%"
}
@Article{puppi,
     AUTHOR    = "Berteloni, D. and Harris, P. and Low, M. and Tran, N.",
     TITLE     = "Pileup per particle identification",
     JOURNAL   = "JHEP",
     VOLUME    = "59",
     YEAR      = "2014",
     pages     = "059",
     doi       = "10.1007/JHEP10(2014)059",
     eprint    = "1407.6013",
     archivePrefix  = "arXiv",
     primaryClass   = "hep-ph"
}
@ARTICLE{jec,
   author = {{CMS Collaboration}},
    title = "{Jet energy scale and resolution in the CMS experiment in pp collisions at 8 TeV}",
  journal = {JINST},
archivePrefix = "arXiv",
   eprint = {1607.03663},
 primaryClass = "physics.ins-det",
     year = 2017,
   volume = 12,
    pages = {02014},
      doi = {10.1088/1748-0221/12/02/P02014}
}
@Article{msd2,
     AUTHOR    = "Larkoski, A. and Marzani, S. and Soyez, G. and Thaler, J.",
     TITLE     = "Soft drop",
     JOURNAL   = "JHEP",
     VOLUME    = "146",
     YEAR      = "2014",
     doi       = "10.1007/JHEP05(2014)146",
     eprint         = "1402. 2657",
     archivePrefix  = "arXiv",
     primaryClass   = "hep-ph"
}
@article{msd,
      author         = "Larkoski, Andrew J. and Marzani, Simone and Soyez,
                        Gregory and Thaler, Jesse",
      title          = "{Soft Drop}",
      journal        = "JHEP",
      volume         = "05",
      year           = "2014",
      pages          = "146",
      doi            = "10.1007/JHEP05(2014)146",
      eprint         = "1402.2657",
      archivePrefix  = "arXiv",
      primaryClass   = "hep-ph"
}
@article{ecf,
      author         = "Moult, Ian and Necib, Lina and Thaler, Jesse",
      title          = "{New Angles on Energy Correlation Functions}",
      journal        = "JHEP",
      volume         = "12",
      year           = "2016",
      pages          = "153",
      doi            = "10.1007/JHEP12(2016)153",
      eprint         = "1609.07483",
      archivePrefix  = "arXiv",
      primaryClass   = "hep-ph",
      reportNumber   = "MIT-CTP-4825",
      SLACcitation   = "%%CITATION = ARXIV:1609.07483;%%"                                                                                                                                          
}
@techreport{doubleb,
      title         = "{Identification of double-b quark jets in boosted event topologies}",
      institution   = "CERN",
      collaboration = "CMS",
      address       = "Geneva",
      number        = "CMS-PAS-BTV-15-002",
      year          = "2016",
      reportNumber  = "CMS-PAS-BTV-15-002",
      url           = "https://cds.cern.ch/record/2195743"
}

@article{ddt,
      author         = "Dolen, James and Harris, Philip and Marzani, Simone and
                        Rappoccio, Salvatore and Tran, Nhan",
      title          = "{Thinking outside the ROCs: Designing Decorrelated
                        Taggers (DDT) for jet substructure}",
      journal        = "JHEP",
      volume         = "05",
      year           = "2016",
      pages          = "156",
      doi            = "10.1007/JHEP05(2016)156",
      eprint         = "1603.00027",
      archivePrefix  = "arXiv",
      primaryClass   = "hep-ph",
      reportNumber   = "FERMILAB-PUB-16-046-PPD",
      SLACcitation   = "%%CITATION = ARXIV:1603.00027;%%"
}



@TECHREPORT{CMS_AN_2006-027,
     AUTHOR       = "Belotelov, I. and Golutvin, I. and Bourilkov, D. and Lanyov, A. and Rogalev, E. and Savina, M. and Shmatov, S.",
     TITLE        = "Search for {ADD} extra dimensional gravity in di-muon channel with the {CMS} Detector",
     TYPE      = "CMS Note",
     NUMBER       = "2006/076",
     URL          = "http://cdsweb.cern.ch/record/962045",
     YEAR         = "2006"
}

@TECHREPORT{CMS_NOTE_2006-106,
     AUTHOR       = "Aldaya, M. and Arce, P. and Caballero, J. and de la Cruz, B. and Garcia-Abia, P. and Hernandez, J. M. and Josa, M. I. and Ruiz, E.",
     TITLE        = "Discovery potential and search strategy for the Standard Model {H}iggs boson in the {$H\to ZZ^\star\to 4\mu$} decay channel using a mass-independent analysis",
     TYPE      = "CMS Note",
     NUMBER       = "2006/106",
     URL          = "http://cdsweb.cern.ch/record/962058",
     YEAR         = "2006"
}
%
% standard article
%
@Article{Brandt:1997gi,
     author    = "Brandt, A. and others",
 collaboration = "UA8",
     title     = "Measurements of single diffraction at $\sqrt{s} =$ 630 {GeV}: Evidence for  a non-linear $\alpha(t)$ of the pomeron",
     journal   = "Nucl. Phys. B",
     volume    = "514",
     year      = "1998",
     pages     = "3",
     SLACcitation  = "%%CITATION = HEP-EX 9710004;%%",
     doi       = "10.1016/S0550-3213(97)00813-4"
}
@ARTICLE{Buchmuller:1986zs,
     AUTHOR       = "Buchm{\"u}ller, W. and Wyler, D.",
     TITLE        = "Constraints on {SU(5)}-type leptoquarks",
     JOURNAL      = "Phys. Lett. B",
     VOLUME       = "177",
     YEAR         = "1986",
     pages        = "377",
     SLACcitation  = "%%CITATION = PHLTA,B191,442;%%",
     doi          = "10.1016/0370-2693(86)90771-9"}
@Article{PTDR2,
      AUTHOR      = "{CMS Collaboration}",
      COLLABORATION = {CMS},
     title     = "{CMS} technical design report, volume {II}: {Physics}
                  performance",
     journal   = "J. Phys. G",
     volume    = "34",
     year      = "2007",
     pages     = "995",
     doi       = "10.1088/0954-3899/34/6/S01",
     SLACcitation  = "%%CITATION = JPHGB,G34,995;%%"
}
% PAS are now TECHREPORTS. Same for Notes. A formatted list of PASs is located in [svn]/utils/branches/dev/general/pasBib-tech.bib
@TECHREPORT{CMS-PAS-LUM-17-001,                                                                              
      AUTHOR      = "{CMS Collaboration}",
      COLLABORATION = {CMS},
      TITLE         = "{CMS Luminosity Measurements for the 2016 Data Taking                                 
                       Period}",                                                                             
      NUMBER        = "CMS-PAS-LUM-17-001",                                                                  
      YEAR          = "2017",                                                                                
      URL           = "https://cds.cern.ch/record/2257069",                                                  
      TYPE     = "CMS Physics Analysis Summary"
}                                                                                                            

@TECHREPORT{cajets,
      AUTHOR      = "{CMS Collaboration}",
      COLLABORATION = {CMS},
      TITLE         = "{A Cambridge-Aachen (C-A) based jet algorithm for boosted
                       top-jet tagging}",
      NUMBER        = "CMS-PAS-JME-09-001",
      YEAR          = "2009",
      URL           = "http://cds.cern.ch/record/1194489",
      TYPE     = "CMS Physics Analysis Summary"
}

@TECHREPORT{CMS-PAS-JME-10-003,
      AUTHOR      = "{CMS Collaboration}",
      COLLABORATION = {CMS},
      TITLE       = "Jet Performance in pp Collisions at $\sqrt{s}$=7 {TeV}",
      URL         = "http://cdsweb.cern.ch/record/1279362",
      TYPE     = "CMS Physics Analysis Summary",
      NUMBER      = "CMS-PAS-JME-10-003",
      YEAR        = "2010"

}


@TECHREPORT{CMS-PAS-LUM-15-001,
      AUTHOR      = "{CMS Collaboration}",
      COLLABORATION = {CMS},
      TITLE       = "CMS Luminosity Measurement for the 2015 Data Taking Period",
      URL         = "https://cds.cern.ch/record/2138682",
      TYPE        = "CMS Physics Analysis Summary",
      NUMBER      = "CMS-PAS-LUM-15-001",
      YEAR        = "2016"

}


@TECHREPORT{BTV-15-001,
      AUTHOR      = "{CMS Collaboration}",
      COLLABORATION = {CMS},
      TITLE       = "Identification of b quark jets at the CMS Experiment in the LHC Run 2",
      URL         = "http://cds.cern.ch/record/2138504?ln=en",
      TYPE     = "CMS Physics Analysis Summary",
      NUMBER      = "CMS-PAS-BTV-15-001",
      YEAR        = "2016"

}


@Article{BTV-paper-2012-001,
     author    = "CMS Collaboration",
     collaboration = "CMS",
     title     = "Identification of b-quark jets with the {CMS} experiment",
     journal   = "JINST",
     volume    = "8",
     year      = "2013",
     eprint         = "1211.4462",
     archivePrefix  = "arXiv",
     pages     = "04013",
     doi       = "10.1088/1748-0221/8/04/P04013",
     SLACcitation  = "%%CITATION = JINST,3,S08004;%%"
}


%SPIRES had this one as R. Adolphi, et. al. Wrong. Now corrected in InspireHEP.
@Article{Chatrchyan:2008zzk,
     author    = "Chatrchyan, S. and others",
     collaboration = "CMS",
     title     = "The {CMS} experiment at the {CERN} {LHC}",
     journal   = "JINST",
     volume    = "3",
     year      = "2008",
     pages     = "08004",
     doi       = "10.1088/1748-0221/3/08/S08004",
     SLACcitation  = "%%CITATION = JINST,3,S08004;%%"
}
% An evergreen:
@article{Beringer:1900zz,
      author         = "{Particle Data Group} and Beringer, J. and others",
      title          = "{Review of Particle Physics}",
      journal        = "Phys. Rev. D",
      volume         = "86",
      pages          = "010001",
      doi            = "10.1103/PhysRevD.86.010001",
      year           = "2012",
      SLACcitation   = "%%CITATION = PHRVA,D86,010001;%%"
}
%
% An example of a document which only appears on arXiv. This one could alternatively be cited as a TECHREPORT using any of the various laboratory report numbers when hosted on a lab server:
% reportNumber   = "CERN-PH-EP-2010-095, FERMILAB-TM-2480-PPD, LEPEWWG-2010-01, TEVEWWG-2010-01, ALEPH-2010-001-PHYSICS-2010-001, CDF-NOTE-10338, D0-NOTE-6130, DELPHI-DELPHI-2010-001-PHYS-952, L3-NOTE-2837, OPAL-PR432, SLAC-PUB-14301",
%

@article{bib:CLS1,
  author = "Read,  A. L.",
  title = "{Presentation of search results: the CL$_s$ technique}",
  journal = "J. Phys. G",
  volume = "28",
  year = "2002",
  pages = "2693",
  doi = "10.1088/0954-3899/28/10/313"
}

@article{bib:CLS2,
      author         = "Junk, Thomas",
      title          = "{Confidence level computation for combining searches with
                        small statistics}",
      journal        = "Nucl. Instrum. Meth. A",
      volume         = "434",
      year           = "1999",
      pages          = "435",
      doi            = "10.1016/S0168-9002(99)00498-2",
      eprint         = "hep-ex/9902006",
      archivePrefix  = "arXiv",
      primaryClass   = "hep-ex",
      reportNumber   = "CARLETON-OPAL-PHYS-99-01, CERN-EP-99-041",
      SLACcitation   = "%%CITATION = HEP-EX/9902006;%%"
}


@article{bib:CLS3,
      author         = "Cowan, Glen and Cranmer, Kyle and Gross, Eilam and Vitells, Ofer",
      title          = "{Asymptotic formulae for likelihood-based tests of new physics}",
      journal        = "Eur. Phys. J. C",
      volume         = "71",
      year           = "2011",
      pages          = "1554",
      eprint         = "1007.1727v3",
      archivePrefix  = "arXiv",
      doi            = "10.1140/epjc/s10052-011-1554-0",
      SLACcitation   = "%%CITATION = HEP-EX/9902006;%%"
}



@TECHREPORT{ParticleFlow,
      AUTHOR      = "{CMS Collaboration}",
      COLLABORATION = {CMS},
      TITLE       = "Commissioning of the particle-flow event reconstruction with the first LHC collisions recorded in the CMS detector",
      URL         = "https://cds.cern.ch/record/1247373",
      TYPE     = "CMS Physics Analysis Summary",
      NUMBER      = "CMS-PAS-PFT-10-001",
      YEAR        = "2010"
}


@TECHREPORT{ParticleFlow_1,
      AUTHOR      = "{CMS Collaboration}",
      COLLABORATION = {CMS},
      TITLE       = "Commissioning of the particle-flow event reconstruction with the first LHC collisions recorded in the CMS detector",
      URL         = "https://cds.cern.ch/record/1247373",
      TYPE     = "CMS Physics Analysis Summary",
      NUMBER      = "CMS-PAS-PFT-10-001",
      YEAR        = "2010"
}


@TECHREPORT{CMS-PAS-JME-16-004,
      AUTHOR      = "{CMS Collaboration}",
      TITLE       = "{Performance of missing energy reconstruction in 13 TeV pp collision data using the CMS detector}",
      URL         = "http://cds.cern.ch/record/2205284?ln=en",
      TYPE     = "CMS Physics Analysis Summary",
      NUMBER      = "CMS-PAS-JME-16-004",
      YEAR        = "2016"
}


%M. Cacciari, G.P. Salam and G. Soyez, Eur.Phys.J. C72 (2012) 1896 [arXiv:1111.6097]
@article{bib:fastjet,
  AUTHOR       = "{M. Cacciari, G.P. Salam and G. Soyez}",
  TITLE        = "FastJet User Manual",
  journal = "Eur. Phys. J. C",
  volume = "72",
pages = "012",
  year = "2012",
doi = "10.1140/epjc/s10052-012-1896-2",
  eprint = "1111.6097",
  archivePrefix  = "arXiv"

}

@ARTICLE{jme_jinst,
      author         = "Chatrchyan, Serguei and others",
      title          = "{Determination of Jet Energy Calibration and Transverse Momentum Resolution in CMS}",
      collaboration  = "CMS",
      journal        = "JINST",
      volume         = "6",
      pages          = "11002",
      doi            = "10.1088/1748-0221/6/11/P11002",
      year           = "2011",
      eprint         = "1107.4277",
      archivePrefix  = "arXiv",
      primaryClass   = "physics.ins-det",
      reportNumber   = "CERN-PH-EP-2011-102, CMS-JME-10-011",
      SLACcitation   = "%%CITATION = ARXIV:1107.4277;%%"
}


@article{cms:JHEP032011136,
      author         = "{CMS Collaboration}",
      collaboration  = "{CMS}",
      title          = "Measurement of B$\bar{\mathrm{B}}$ angular correlations based on secondary vertex reconstruction at $\sqrt{s}$ = 7 TeV.",
      journal        = "JHEP",
      volume         = "03",
      year           = "2011",
      pages          = "136",
      doi            = "10.1007/JHEP03(2011)136"
}




@UNPUBLISHED{LEPewkfits,
     author = "{ALEPH, CDF, D0, DELPHI, L3, OPAL, SLD Collaborations, the LEP Electroweak Working Group, the Tevatron Electroweak Working Group, and the SLD Electroweak and Heavy Flavour Groups}",
     title     = "Precision electroweak measurements and constraints on the {Standard Model}",
     URL       = "http://lepewwg.web.cern.ch/LEPEWWG",
     eprint    = "1012.2367",
     archivePrefix = "arXiv",
     primaryClass  =  "hep-ex",
     year  = "2010",
     SLACcitation  = "%%CITATION = 1012.2367;%%"
}
%
% A document hosted on a laboratory server
%
@TECHREPORT{Bertram:2000br,
  author = " Bertram, I. and Landsberg, G. and Linnemann, J. and Partridge, R. and Paterno, M. and Prosper, H. B.",
  title =  "A Recipe for the construction of confidence limits",
  institution = "Fermilab",
  number     = "{TM-2104}",
  url = "http://lss.fnal.gov/archive/test-tm/2000/fermilab-tm-2104.pdf",
  year = "2000"
 }
 %
 % A document included in Proceedings. PRL may want the ADDRESS field as well.
 %
@INPROCEEDINGS{RooStats,
  AUTHOR       = "Moneta, L. and Belasco, K. and  Cranmer, K. S. and Lazzaro, A. and Piparo, D. and Schott, G. and Verkerke, W. and Wolf, M. ",
  TITLE        = "The {R}oo{S}tats {P}roject",
  BOOKTITLE = "13$^\text{th}$ International Workshop on Advanced Computing and Analysis Techniques in Physics Research (ACAT2010)",
  YEAR         = "2010",
  PUBLISHER = "SISSA",
  URL          = "http://pos.sissa.it/archive/conferences/093/057/ACAT2010_057.pdf",
  eprint = "1009.1003",
  primaryClass = "physics.data-an"
}
%
% CMS/ATLAS papers submitted but not yet accepted; The SLACcitation is not required. This is only for illustration, these are now published.
% Upon acceptance the note is modified and the DOI included (if available).
%
@Unpublished{Khachatryan:2010mp,
     author    = "{CMS Collaboration}",
     collaboration = "CMS",
     title     = "Search for Pair Production of First-Generation Scalar Leptoquarks in pp Collisions at $\sqrt{s} = 7$ {TeV}",
     note  = "Submitted to \textit{Phys. Rev. Lett.}",
     eprint    = "1012.4031",
     archivePrefix = "arXiv",
     primaryClass  =  "hep-ex",
     year = "2010",
     SLACcitation  = "%%CITATION = 1012.4031;%%"
}
@Unpublished{1807.02826,
     author    = "{CMS Collaboration}",
     collaboration = "CMS",
     title     = "{Search for heavy resonances decaying into a vector boson and a Higgs boson in final states with charged leptons, neutrinos and b quarks at $\sqrt{s}$ = 13 TeV}",
     note  = "Submitted to \textit{JHEP}",
     eprint    = "1807.02826",
     archivePrefix = "arXiv",
     primaryClass  =  "hep-ex",
     year = "2018",
     SLACcitation  = "%%CITATION = 1807.02826;%%"
}
@Unpublished{CMS-PAPER-MUO-10-004,
     author    = "{CMS Collaboration}",
     collaboration = "CMS",
     title     = "Performance of CMS muon reconstruction in pp collision events at {$\sqrt{s} = 7$\TeV}",
     note  = "Submitted to \textit{J. Inst.}",
     eprint    = "1206.4071",
     archivePrefix = "arXiv",
     primaryClass  =  "physics.ins-det",
     year = "2012"
}
@Unpublished{ATLAS:2011aa,
        Archiveprefix = {arXiv},
        Author = {{ATLAS Collaboration}},
        Collaboration = {ATLAS},
        Eprint = {1112.2577},
        Note = {Submitted to \textit{Phys. Rev. Lett.}},
        Primaryclass = {hep-ex},
        Slaccitation = {%%CITATION = 1112.2577;%%},
        Title = {Search for the {H}iggs boson in the {$H\to$WW(*)$\to \ell^+ \nu \ell^- \bar{\nu}$} decay channel in pp collisions at $\sqrt{s}$ = 7 {TeV} with the {ATLAS} detector},
        Year = {2011}
}
% Misc
@Article{Cacciari:2008gp,
     AUTHOR    = "Cacciari, Matteo and Salam, Gavin P. and Soyez, Gregory",
     TITLE     = "The anti-$k_t$ jet clustering algorithm",
     JOURNAL   = "JHEP",
     VOLUME    = "04",
     YEAR      = "2008",
     PAGES     = "063",
     doi       = "10.1088/1126-6708/2008/04/063",
     eprint         = "0802.1189",
     archivePrefix  = "arXiv",
     primaryClass   = "hep-ex"
}
@Article{Sjostrand:2006za,
      author         = "Sj{\"o}strand, Torbj{\"o}rn and Mrenna, Stephen and Skands, Peter",
      title          = "{PYTHIA} 6.4 physics and manual",
      journal        = "JHEP",
      volume         = "05",
      pages          = "026",
      doi            = "10.1088/1126-6708/2006/05/026",
      year           = "2006",
      eprint         = "hep-ph/0603175",
      archivePrefix  = "arXiv",
      primaryClass   = "hep-ph",
      reportNumber   = "FERMILAB-PUB-06-052-CD-T, LU-TP-06-13",
      SLACcitation   = "%%CITATION = HEP-PH/0603175;%%"
}
@INCOLLECTION{nu2,
    author        = "Giunti, C. and Laveder, M.",
    title         = "Neutrino mixing",
    booktitle     = "Developments in Quantum Physics",
    editor        = "Columbus, F. and Krasnoholovets, V.",
    publisher     = "Nova Science Publishers, Inc.",
    eprint        = "hep-ph/0310238",
    archivePrefix = "arXiv",
    primaryClass  = "hep-ph",
    year          = "2004",
    isbn          = "1-59454-003-9"
}

%%%%%%%%%%%%%% samples %%%%%%%%%%%%%%%%%%%%
@article{bib:MADGRAPH,
      author         = "Alwall, J. and Frederix, R. and Frixione, S. and Hirschi, V. and Maltoni, F. and Mattelaer, O. and Shao, H. -S. and Stelzer, T. and Torrielli, P. and Zaro, M.",
      title          = "{The automated computation of tree-level and next-to-leading order differential cross sections, and their matching to parton shower simulations}",
      journal        = "JHEP",
      volume         = "07",
      year           = "2014",
      pages          = "079",
      doi            = "10.1007/JHEP07(2014)079",
      eprint         = "1405.0301",
      archivePrefix  = "arXiv",
      primaryClass   = "hep-ph",
      reportNumber   = "CERN-PH-TH-2014-064, CP3-14-18, LPN14-066, MCNET-14-09,
                        ZU-TH-14-14",
      SLACcitation   = "%%CITATION = ARXIV:1405.0301;%%"
}

@article{bib:PYTHIA,
      author         = "Sj{\"o}strand, Torbj{\"o}rn and Ask, Stefan and Christiansen, Jesper R. and Corke, Richard and Desai, Nishita and Ilten, Philip and Mrenna, Stephen and Prestel, Stefan and Rasmussen, Christine O. and Skands, Peter Z.",
      title          = "{An Introduction to PYTHIA 8.2}",
      journal        = "Comput. Phys. Commun.",
      volume         = "191",
      year           = "2015",
      pages          = "159",
      doi            = "10.1016/j.cpc.2015.01.024",
      eprint         = "1410.3012",
      archivePrefix  = "arXiv",
      primaryClass   = "hep-ph",
      reportNumber   = "LU-TP-14-36, MCNET-14-22, CERN-PH-TH-2014-190,
                        FERMILAB-PUB-14-316-CD, DESY-14-178, SLAC-PUB-16122",
      SLACcitation   = "%%CITATION = ARXIV:1410.3012;%%"
}

@article{Ball:2014uwa,
      author         = "Ball, Richard D. and others",
      title          = "{Parton distributions for the LHC Run II}",
      collaboration  = "NNPDF",
      journal        = "JHEP",
      volume         = "04",
      year           = "2015",
      pages          = "040",
      doi            = "10.1007/JHEP04(2015)040",
      eprint         = "1410.8849",
      archivePrefix  = "arXiv",
      primaryClass   = "hep-ph",
      reportNumber   = "EDINBURGH-2014-15, IFUM-1034-FT, CERN-PH-TH-2013-253,
                        OUTP-14-11P, CAVENDISH-HEP-14-11",
      SLACcitation   = "%%CITATION = ARXIV:1410.8849;%%"                                                                                                                                                     
}



@article{pdf4lhc,
      author         = "Butterworth, Jon and others",
      title          = "{PDF4LHC recommendations for LHC Run II}",
      journal        = "J. Phys. G",
      volume         = "43",
      year           = "2016",
      pages          = "023001",
      doi            = "10.1088/0954-3899/43/2/023001",
      eprint         = "1510.03865",
      archivePrefix  = "arXiv",
      primaryClass   = "hep-ph",
      reportNumber   = "OUTP-15-17P, SMU-HEP-15-12, TIF-UNIMI-2015-14,
                        LCTS-2015-27, CERN-PH-TH-2015-249",
      SLACcitation   = "%%CITATION = ARXIV:1510.03865;%%"
}

@article{Nason:2004rx,
      author         = "Nason, Paolo",
      title          = "{A new method for combining NLO QCD with shower Monte Carlo algorithms}",
      journal        = "JHEP",
      volume         = "11",
      year           = "2004",
      pages          = "040",
      doi            = "10.1088/1126-6708/2004/11/040",
      eprint         = "hep-ph/0409146",
      archivePrefix  = "arXiv",
      primaryClass   = "hep-ph",
      reportNumber   = "BICOCCA-FT-04-11",
      SLACcitation   = "%%CITATION = HEP-PH/0409146;%%"
}

@article{Frixione:2007vw,
      author         = "Frixione, Stefano and Nason, Paolo and Oleari, Carlo",
      title          = "{Matching NLO QCD computations with parton shower simulations: the POWHEG method}",
      journal        = "JHEP",
      volume         = "11",
      year           = "2007",
      pages          = "070",
      doi            = "10.1088/1126-6708/2007/11/070",
      eprint         = "0709.2092",
      archivePrefix  = "arXiv",
      primaryClass   = "hep-ph",
      reportNumber   = "BICOCCA-FT-07-9, GEF-TH-21-2007",
      SLACcitation   = "%%CITATION = ARXIV:0709.2092;%%"
}

@article{Alioli:2010xd,
      author         = "Alioli, Simone and Nason, Paolo and Oleari, Carlo and Re, Emanuele",
      title          = "{A general framework for implementing NLO calculations in shower Monte Carlo programs: the POWHEG BOX}",
      journal        = "JHEP",
      volume         = "06",
      year           = "2010",
      pages          = "043",
      doi            = "10.1007/JHEP06(2010)043",
      eprint         = "1002.2581",
      archivePrefix  = "arXiv",
      primaryClass   = "hep-ph",
      reportNumber   = "DESY-10-018, SFB-CPP-10-22, IPPP-10-11, DCPT-10-22",
      SLACcitation   = "%%CITATION = ARXIV:1002.2581;%%"
}

@article{Frixione:2007nw,
      author         = "Frixione, Stefano and Nason, Paolo and Ridolfi, Giovanni",
      title          = "{A positive-weight next-to-leading-order Monte Carlo for heavy flavour hadroproduction}",
      journal        = "JHEP",
      volume         = "09",
      year           = "2007",
      pages          = "126",
      doi            = "10.1088/1126-6708/2007/09/126",
      eprint         = "0707.3088",
      archivePrefix  = "arXiv",
      primaryClass   = "hep-ph",
      reportNumber   = "BICOCCA-FT-07-12, GEF-TH-19-2007",
      SLACcitation   = "%%CITATION = ARXIV:0707.3088;%%"
}

@article{Re:2010bp,
      author         = "Re, Emanuele",
      title          = "{Single-top Wt-channel production matched with parton showers using the POWHEG method}",
      journal        = "Eur. Phys. J. C",
      volume         = "71",
      year           = "2011",
      pages          = "1547",
      doi            = "10.1140/epjc/s10052-011-1547-z",
      eprint         = "1009.2450",
      archivePrefix  = "arXiv",
      primaryClass   = "hep-ph",
      reportNumber   = "IPPP-10-74, DCPT-10-148",
      SLACcitation   = "%%CITATION = ARXIV:1009.2450;%%"
}

@Article{mlm,
     author    = "Mangano, Michelangelo L. and Moretti, Mauro and Piccinini, Fulvio and Treccani, Michele",
     title     = "{Matching Matrix Elements and Shower Evolution for Top-Quark Production in Hadronic Collisions}",
     journal   = "JHEP",
     doi       = "10.1088/1126-6708/2007/01/013",
     eprint         = "0611129",
     archivePrefix  = "arXiv",
     primaryClass   = "hep-ph",
     volume    = "01",
     year      = "2007",
     pages     = "013"
}

@article{Skands:2014pea,
      author         = "Skands, Peter and Carrazza, Stefano and Rojo, Juan",
      title          = "{Tuning PYTHIA 8.1: the Monash 2013 Tune}",
      journal        = "Eur. Phys. J. C",
      volume         = "74",
      year           = "2014",
      pages          = "3024",
      doi            = "10.1140/epjc/s10052-014-3024-y",
      eprint         = "1404.5630",
      archivePrefix  = "arXiv",
      primaryClass   = "hep-ph",
      reportNumber   = "CERN-PH-TH-2014-069, MCNET-14-08, OUTP-14-05P",
      SLACcitation   = "%%CITATION = ARXIV:1404.5630;%%"                                                                                                                                                     
}

@article{CMS-PAS-GEN-14-001,
  author      = "{CMS Collaboration}",
  collaboration = {CMS},
  title =         {{Event generator tunes obtained from underlying event and multiparton scattering measurements}},
  journal   = "Eur. Phys. J. C",
  volume = "76",
  pages = "155",
  doi  = "10.1140/epjc/s10052-016-3988-x",
  year = "2016",
  eprint = "1512.00815",
  archivePrefix = "arXiv"
}
@article{Agostinelli:2002hh,
      author         = "Agostinelli, S. and others",
      title          = "{GEANT4: A simulation toolkit}",
      collaboration  = "GEANT4",
      journal        = "Nucl. Instrum. Meth. A",
      volume         = "506",
      year           = "2003",
      pages          = "250",
      doi            = "10.1016/S0168-9002(03)01368-8",
      reportNumber   = "SLAC-PUB-9350, FERMILAB-PUB-03-339",
      SLACcitation   = "%%CITATION = NUIMA,A506,250;%%"                                                                                                                                                      
}



@article{Ellis:2009su,
      author         = "Ellis, Stephen D. and Vermilion, Christopher K. and Walsh, Jonathan R.",
      title          = "{Techniques for improved heavy particle searches with jet substructure}",
      journal        = "Phys. Rev. D",
      volume         = "80",
      year           = "2009",
      pages          = "051501",
      doi            = "10.1103/PhysRevD.80.051501",
      eprint         = "0903.5081",
      archivePrefix  = "arXiv",
      primaryClass   = "hep-ph",
      SLACcitation   = "%%CITATION = ARXIV:0903.5081;%%"                                                                                                                        
}


@article{Ellis:2009me,
      author         = "Ellis, Stephen D. and Vermilion, Christopher K. and  Walsh, Jonathan R.",
      title          = "{Recombination Algorithms and Jet Substructure: Pruning as a Tool for Heavy Particle Searches}",
      journal        = "Phys. Rev. D",
      volume         = "81",
      year           = "2010",
      pages          = "094023",
      doi            = "10.1103/PhysRevD.81.094023",
      eprint         = "0912.0033",
      archivePrefix  = "arXiv",
      primaryClass   = "hep-ph",
      SLACcitation   = "%%CITATION = ARXIV:0912.0033;%%"                                                                                                                        
}
@inproceedings{Wobisch:1998wt,
      author         = "Wobisch, M. and Wengler, T.",
      title          = "{Hadronization corrections to jet cross-sections in deep inelastic scattering}",
      booktitle      = "{Monte Carlo generators for HERA physics. Proceedings, Workshop, Hamburg, Germany, 1998-1999}",
      url            = "http://inspirehep.net/record/484872/files/arXiv:hep-ph_9907280.pdf",
      year           = "1998",
      eprint         = "hep-ph/9907280",
      archivePrefix  = "arXiv",
      primaryClass   = "hep-ph",
      reportNumber   = "PITHA-99-16",
      SLACcitation   = "%%CITATION = HEP-PH/9907280;%%"                                                                                                                         
}

@article{Catani:1993hr,
      author         = "Catani, S. and Dokshitzer, Yuri L. and Seymour, M. H. and Webber, B. R.",
      title          = "{Longitudinally invariant $K_t$ clustering algorithms for hadron hadron collisions}",
      journal        = "Nucl. Phys. B",
      volume         = "406",
      year           = "1993",
      pages          = "187-224",
      doi            = "10.1016/0550-3213(93)90166-M",
      reportNumber   = "CERN-TH-6775-93, LU-TP-93-2",
      SLACcitation   = "%%CITATION = NUPHA,B406,187;%%"                                                                                                                         
}
@article{Dasgupta:2013ihk,
      author         = "Dasgupta, Mrinal and Fregoso, Alessandro and Marzani,
                        Simone and Salam, Gavin P.",
      title          = "{Towards an understanding of jet substructure}",
      journal        = "JHEP",
      volume         = "09",
      year           = "2013",
      pages          = "029",
      doi            = "10.1007/JHEP09(2013)029",
      eprint         = "1307.0007",
      archivePrefix  = "arXiv",
      primaryClass   = "hep-ph",
      reportNumber   = "CERN-PH-TH-2013-145, DCPT-13-86, IPPP-13-43, LPN13-036,
                        MAN-HEP-2013-12",
      SLACcitation   = "%%CITATION = ARXIV:1307.0007;%%"
}

@article{softdrop,
      author         = "Larkoski, Andrew J. and Marzani, Simone and Soyez, Gregory and Thaler, Jesse",
      title          = "{Soft Drop}",
      journal        = "JHEP",
      volume         = "05",
      year           = "2014",
      pages          = "146",
      doi            = "10.1007/JHEP05(2014)146",
      eprint         = "1402.2657",
      archivePrefix  = "arXiv",
      primaryClass   = "hep-ph",
      reportNumber   = "MIT-CTP-4531, DCPT-14-24, IPPP-14-12",
      SLACcitation   = "%%CITATION = ARXIV:1402.2657;%%"
}
@techreport{CMS-PAS-EXO-16-012,
      title         = "{Search for dark matter in association with a Higgs boson
                       decaying into a pair of bottom quarks at $\sqrt{s}$ = 13 TeV
                       with the CMS detector}",
      institution   = "CERN",
      collaboration = "CMS",
      address       = "Geneva",
      number        = "CMS-PAS-EXO-16-012",
      year          = "2016",
      TYPE          = "CMS Physics Analysis Summary",
      reportNumber  = "CMS-PAS-EXO-16-012",
      url           = "http://cds.cern.ch/record/2202804"
}

@techreport{CMS-PAS-PFT-09-001,
      title         = "{Particle-Flow Event Reconstruction in CMS and Performance
                       for Jets, Taus, and MET}",
      institution   = "CERN",
      collaboration = "CMS",
      address       = "2009. Geneva",
      number        = "CMS-PAS-PFT-09-001",
      month         = "Apr",
      year          = "2009",
      TYPE     = "CMS Physics Analysis Summary",
      reportNumber  = "CMS-PAS-PFT-09-001",
      url           = "https://cds.cern.ch/record/1194487"
}
@article{Khachatryan:2015iwa,
      author         = "Khachatryan, Vardan and others",
            title          = "{Performance of Photon Reconstruction and Identification
                        with the CMS Detector in Proton-Proton Collisions at
                        $\sqrt{s}$ = 8 TeV}",
			      collaboration  = "CMS",
			            journal        = "JINST",
				          volume         = "10",
					        year           = "2015",
						      number         = "08",
						            pages          = "08010",
							          doi            = "10.1088/1748-0221/10/08/P08010",
								        eprint         = "1502.02702",
									      archivePrefix  = "arXiv",
									            primaryClass   = "physics.ins-det",
										          reportNumber   = "CMS-EGM-14-001, CERN-PH-EP-2015-006",
											        SLACcitation   = "%%CITATION = ARXIV:1502.02702;%%"
												}
												@techreport{ATLAS-CONF-2016-011,
     author 	    = "{ATLAS Collaboration}",
     title         = "{Search for new phenomena in events with missing
                       transverse momentum and a Higgs boson decaying to two
                       photons in p p collisions at $\sqrt{s} = 13$ TeV with the
                       ATLAS detector}",
		             institution   = "CERN",
			           address       = "Geneva",
				         number        = "ATLAS-CONF-2016-011",
					       month         = "Mar",
					             year          = "2016",
						           reportNumber  = "ATLAS-CONF-2016-011",
							         url           = "http://cds.cern.ch/record/2139812"
								 }
@techreport{ATLAS-monoHbb,
      author 	    = "{ATLAS Collaboration}",
      title         = "{Search for Dark Matter in association with a Higgs boson
                     decaying to b-quarks in pp collisions at $\sqrt{s}=13$ TeV with the ATLAS detector}",
      collaboration = "{ATLAS}",
      institution   = "CERN",
      address       = "Geneva",
      number        = "ATLAS-CONF-2016-019",
      month         = "Mar",
      year          = "2016",
      reportNumber  = "ATLAS-CONF-2016-019",
      url           = "http://cds.cern.ch/record/2142777"
}
@article{0954-3899-28-10-313,
  author="A. L. Read",
  title="{Presentation of search results: the CLs technique}",
  journal={Journal of Physics G: Nuclear and Particle Physics},
  volume={28},
  year=2002
}
@article{Punzi:2003,
      author         = "Punzi, Giovanni",
      title          = "{Sensitivity of searches for new signals and its
                        optimization}",
      booktitle      = "{Statistical problems in particle physics, astrophysics
                        and cosmology. Proceedings, Conference, PHYSTAT 2003,
                        Stanford, USA, September 8-11, 2003}",
      journal        = "eConf",
      volume         = "C 030908",
      year           = "2003",
      pages          = "MODT002",
      eprint         = "physics/0308063",
      archivePrefix  = "arXiv",
      primaryClass   = "physics",
      reportNumber   = "PHYSTAT-2003-MODT002",
      SLACcitation   = "%%CITATION = PHYSICS/0308063;%%"
}
@article{Chatrchyan:2014fea,
      author         = "Chatrchyan, Serguei and others",
      title          = "{Description and performance of track and primary-vertex
                reconstruction with the CMS tracker}",
      collaboration  = "CMS",
      journal        = "JINST",
      volume         = "9",
      year           = "2014",
      number         = "10",
      pages          = "10009",
      doi            = "10.1088/1748-0221/9/10/P10009",
      eprint         = "1405.6569",
      archivePrefix  = "arXiv",
      primaryClass   = "physics.ins-det",
      reportNumber   = "CMS-TRK-11-001, CERN-PH-EP-2014-070",
      SLACcitation   = "%%CITATION = ARXIV:1405.6569;%%"
}

@ARTICLE{Chatrchyan:2008aa,
      author         = "{CMS Collaboration}", 
      title          = "{The CMS experiment at the CERN LHC}",      
      journal        = "JINST",
      volume         = "3",
      pages          = "08004",
      doi            = "10.1088/1748-0221/3/08/S08004",
      year           = "2008",
      SLACcitation   = "%%CITATION = JINST,3,S08004;%%",
}
@Article{HiggsObs_CMS,
     AUTHOR        = "{CMS Collaboration}",
     TITLE         = "Observation of a new boson at a mass of 125 {GeV} with the {CMS} experiment at the {LHC}",
     JOURNAL       = "Phys. Lett. B",
     VOLUME        = "716",
     YEAR          = "2012",
     eprint         = "1207.7235",
     archivePrefix  = "arXiv",
     PAGES         = "30",
     DOI           = "10.1016/j.physletb.2012.08.021"
}


@Article{HiggsObs_CMS_Long,
     AUTHOR        = "{CMS Collaboration}",
     TITLE         = "{Observation of a new boson with mass near 125 GeV in pp collisions at $\sqrt{s} = 7$ and $8\TeV$}",
     JOURNAL       = "JHEP",
     VOLUME        = "06",
     YEAR          = "2013",
     eprint         = "1303.4571",
     archivePrefix  = "arXiv",
     PAGES         = "81",
     DOI           = "10.1007/JHEP06(2013)081"
}

@Article{HiggsObs_ATLAS,
     AUTHOR        = "{ATLAS Collaboration}",
     TITLE         = "Observation of a new particle in the search for the Standard Model Higgs boson with the {ATLAS} detector at the {LHC}",
     JOURNAL       = "Phys. Lett. B",
     VOLUME        = "716",
     YEAR          = "2012",
     eprint         = "1207.7214",
     archivePrefix  = "arXiv",
     PAGES         = "1",
     DOI           = "10.1016/j.physletb.2012.08.020"
}
				   
@techreport{LUM15,
      title         = "{CMS Luminosity Measurement for the 2015 Data Taking
                       Period}",
		             institution   = "CERN",
			           collaboration = "CMS",
				         address       = "Geneva",
					       number        = "CMS-PAS-LUM-15-001",
					             year          = "2016",
						     TYPE     = "CMS Physics Analysis Summary",
						           reportNumber  = "CMS-PAS-LUM-15-001",
							         url           = "http://cds.cern.ch/record/2138682"
								 }

@misc{HigPAGtrig,
     NOTE = "CMS HIG PAG: \scalebox{0.85}{\small \tt https://twiki.cern.ch/twiki/bin/view/CMSPublic/HigPagDec2015\#Trigger}"
}
@misc{METfilters,
     NOTE = "CMS Jet/MET POG: \scalebox{0.85}{\small  \tt https://twiki.cern.ch/twiki/bin/viewauth/CMS/MissingETOptionalFiltersRun2}"
}
@misc{FLASHgg,
     NOTE = "CMS Twiki: \scalebox{0.85}{\small  \tt https://twiki.cern.ch/twiki/bin/viewauth/CMS/FLASHggFramework}"
}
@misc{PhotonID,
     NOTE = "CMS EGM POG:   \scalebox{0.85}{\small \tt https://twiki.cern.ch/twiki/bin/viewauth/CMS/CutBasedPhotonIdentificationRun2}"
}

@misc{higgsBRvalues,
     NOTE = "LHCHXSWG Twiki:  \scalebox{0.85}{\small \tt https://twiki.cern.ch/twiki/bin/view/LHCPhysics/LHCHXSWG\#Higgs\_cross\_sections\_and\_decay\_b}"
}
@Article{t1pfmet,
     AUTHOR        = "{CMS Collaboration}",
     TITLE	   = "Performance of the CMS missing transverse energy reconstruction in pp data at $\sqrt{s} = 8$ TeV",
     JOURNAL	   = "JINST", 
     VOLUME        = "10",
     YEAR          = "2015",
     PAGES	   = "02006",
     DOI           = "10.1108/1748-0221/10/02/P02006"

}
//NOTE = "CMS Jet/MET POG:  \scalebox{0.85}{\small \tt https://twiki.cern.ch/twiki/bin/view/CMSPublic/WorkBookMetAnalysis\#Type\_1\_Correction}"

@misc{punzi,
     NOTE = "Punzi Significance:  \scalebox{0.85}{\small \tt http://www-conf.slac.stanford.edu/phystat2003/talks/punzi/optimal\_search2.ppt}"
}
@techreport{yellowReport,
      author        = "Heinemeyer, S and Mariotti, C and Passarino, G and Tanaka,
                       R and Andersen, J R and Artoisenet, P and Bagnaschi, E A
                       and Banfi, A and Becher, T and Bernlochner, F U and
                       Bolognesi, S and Bolzoni, P and Boughezal, R and Buarque, D
                       and Campbell, J and Caola, F and Carena, M and Cascioli, F
                       and Chanon, N and Cheng, T and Choi, S Y and David, A and
                       de Aquino, P and Degrassi, G and Del Re, D and Denner, A
                       and van Deurzen, H and Diglio, S and Di Micco, B and Di
                       Nardo, R and Dittmaier, S and Dührssen, M and Ellis, R K
                       and Ferrera, G and Fidanza, N and Flechl, M and de Florian,
                       D and Forte, S and Frederix, R and Frixione, S and Gangal,
                       S and Gao, Y and Garzelli, M V and Gillberg, D and Govoni,
                       P and Grazzini, M and Greiner, N and Griffiths, J and
                       Zuberi, S",
      title         = "{Handbook of LHC Higgs Cross Sections: 3. Higgs
                       Properties: Report of the LHC Higgs Cross Section Working
                       Group}",
      collaboration = "LHC Higgs Cross Section Working Group",
      address       = "Geneva",
      number        = "CERN-2013-004",
      year          = "2013",

      doi = "10.5170/CERN-2013-004",

      eprint  = "1307.1347",
      archivePrefix  = "arXiv",
      
      url           = "https://cds.cern.ch/record/1559921"
}

@techreport{gammaF,
      title         = "{Procedure for the LHC Higgs boson search combination in
                       Summer 2011}",
      institution   = "CERN",
      collaboration = "ATLAS Collaboration, CMS Collaboration, LHC Higgs Combination Group",
      address       = "Geneva",
      number        = "CMS-NOTE-2011-005, ATL-PHYS-PUB-2011-11",
      month         = "Aug",
      year          = "2011",
      type          = " ",
      reportNumber  = "CMS-NOTE-2011-005",
      url           = "https://cds.cern.ch/record/1379837"
}



@unpublished{Khachatryan:2016kdb,
      author         = "{CMS Collaboration}",
      title          = "{Jet energy scale and resolution in the CMS experiment in
                        pp collisions at 8 TeV}",
       note       = "Submitted to {JINST}",
      year           = "2016",
      eprint         = "1607.03663",
      archivePrefix  = "arXiv",
      primaryClass   = "hep-ex",
      reportNumber   = "CMS-JME-13-004, CERN-PH-EP-2015-305",
      SLACcitation   = "%%CITATION = ARXIV:1607.03663;%%"                                                         
}






@misc{yellowReportOrig,
     NOTE = "LHCHXSWG Yellow Report: \scalebox{0.85}{\small \tt https://twiki.cern.ch/twiki/bin/view/LHCPhysics/CERNYellowReportPageAt1314TeV2014}"
}

@Article{MonoHiggs_8TeV_ATLAS,
     AUTHOR        = "{ATLAS Collaboration}",
     TITLE         = "Search for Dark Matter in Events with Missing Transverse Momentum and a Higgs Boson Decaying to Two Photons in pp Collisions at $\sqrt{s}=8$ TeV with the {ATLAS} Detector",
     JOURNAL       = "Phys. Rev. Lett.",
     VOLUME        = "115",
     YEAR          = "2015",
     PAGES         = "131801",
     DOI           = "10.1103/PhysRevLett.115.131801"
}

@Article{tdr_physpreform,
     AUTHOR        = "{CMS Collaboration}",
     TITLE         = "{CMS} Physics Technical Design Report, Volume {II}: Physics Performance",
     JOURNAL       = "J. Phys. G",
     VOLUME        = "34",
     YEAR          = "2007",
     PAGES         = "995",
     DOI           = "10.1088/0954-3899/34/6/S01"
}

@Article{egamma_phoReco8TeV,
     AUTHOR        = "{CMS Collaboration}",
     TITLE         = "Performance of photon reconstruction and identification with the {CMS} detector in proton-proton collisions at $\sqrt{s}$ = 8 TeV",
     JOURNAL       = "JINST",
     VOLUME        = "10",
     YEAR          = "2015",
     PAGES         = "08010",
     DOI           = "10.1088/1748-0221/10/08/P08010"
}
@Article{pileupSubtract,
     AUTHOR        = "Cacciari, M. and Salam, G. P.",
     TITLE         = "Pileup subtraction using jet areas",
     JOURNAL       = "Phys. Lett. B",
     VOLUME        = "659",
     YEAR          = "2008",
     PAGES         = "119",
     DOI           = "10.1016/j.physletb.2007.09.077"
}


@article{monoHiggs1,
      author         = "Carpenter, Linda and DiFranzo, Anthony and Mulhearn,
                        Michael and Shimmin, Chase and Tulin, Sean and Whiteson,
                        Daniel",
      title          = "{Mono-{H}iggs-boson: A new collider probe of dark matter}",
      journal        = "Phys. Rev. D",
      volume         = "89",
      year           = "2014",
      pages          = "075017",
      doi            = "10.1103/PhysRevD.89.075017",
      eprint         = "1312.2592",
      archivePrefix  = "arXiv",
      primaryClass   = "hep-ph",
      SLACcitation   = "%%CITATION = ARXIV:1312.2592;%%"
}

@Article{monoHiggs2,
     AUTHOR        = "Berlin, A. and Lin, T. and Wang, L.",
     TITLE         = "Mono-Higgs detection of dark matter at the {LHC}",
     JOURNAL       = "JHEP",
     VOLUME        = "06",
     YEAR          = "2014",
     PAGES         = "1",
     DOI           = "10.1007/JHEP06(2014)078"
}

@article{monoHiggs3,
      author         = "Petrov, Alexey A. and Shepherd, William",
      title          = "{Searching for dark matter at LHC with Mono-Higgs
                        production}",
      journal        = "Phys. Lett. B",
      volume         = "730",
      year           = "2014",
      pages          = "178",
      doi            = "10.1016/j.physletb.2014.01.051",
      eprint         = "1311.1511",
      archivePrefix  = "arXiv",
      primaryClass   = "hep-ph",
      reportNumber   = "WSU-HEP-1308",
      SLACcitation   = "%%CITATION = ARXIV:1311.1511;%%"
}


@Article{darkMatterForum,
     AUTHOR        = "Abercrombie, D. and Akchurin, N. and Akilli, E. and Maestre, J. A. and Allen, B. ",
     TITLE         = "Dark Matter Benchmark Models for Early LHC Run-2 Searches: Report of the {ATLAS}/{CMS} Dark Matter Forum",
     YEAR	   = "2015",
     EPRINT        = "hep-ex/1507.00966",
     ARCHIVEPREFIX = "arXiv",
     PRIMARYCLASS  = "hep-ex"
}
@TECHREPORT{Hgg13TeV,
     AUTHOR        = "{CMS Collaboration}",
     TITLE         = "First results on $\mbox{\textrm{H}}\rightarrow\gamma\gamma$ at $\sqrt{s}$=13, TeV", 
     TYPE          = "CMS Analysis Note",
     NUMBER        = "CMS-HIG-15-005", 
     YEAR          = "2016"
}


@article{highMassDiPhoton,
      author         = "Khachatryan, Vardan and others",
            title          = "{Search for resonant production of high-mass photon pairs
                        in proton-proton collisions at $\sqrt{s}$ = 8 and 13 TeV}",
			      collaboration  = "CMS",
			            journal        = "Phys. Rev. Lett.",
				          volume         = "117",
					        year           = "2016",
						            pages          = "051802",
							          doi            = "10.1103/PhysRevLett.117.051802",
								        eprint         = "1606.04093",
									      archivePrefix  = "arXiv",
									            primaryClass   = "hep-ex",
										          reportNumber   = "CMS-EXO-16-018, CERN-EP-2016-154",
											        SLACcitation   = "%%CITATION = ARXIV:1606.04093;%%"
												}
@Article{pythia,
     AUTHOR        = "Sj{\"o}strand, T. and Mrenna, S. and Skands, P.",
     TITLE         = "An Introduction to {PYTHIA} 8.2",
     JOURNAL       = "Comput. Phys. Commun.",
     VOLUME        = "191",
     YEAR          = "2015",
     PAGES         = "159",
     DOI           = "10.1016/j.cpc.2015.01.024"
}

@Article{geant4,
      AUTHOR = "Geant4 Collaboration",
     TITLE         = "{Geant4 -- a simulation toolkit}",
     JOURNAL       = "Nucl. Instrum. Meth. A",
     VOLUME        = "506",
     YEAR          = "2003",
     PAGES         = "250",
     DOI           = "10.1016/10.1016/S0168-9002(03)01368-8"
}
			      

@Article{powheg,
     AUTHOR        = "Oleari, C.",
     TITLE         = "The {POWHEG-BOX}",
     JOURNAL       = "Nucl. Phys. B - Proceedings Supplements",
     VOLUME        = "205-206",
     YEAR          = "2010",
     PAGES         = "36",
     DOI           = "10.1016/j.nuclphysbps.2010.08.016"
}

@article{Luisoni:2013kna,
      author         = "Luisoni, Gionata and Nason, Paolo and Oleari, Carlo and
                        Tramontano, Francesco",
      title          = "{H$\mathrm{W}^{\pm}$/HZ + 0 and 1 jet at NLO with the POWHEG BOX
                        interfaced to GoSam and their merging within MiNLO}",
      journal        = "JHEP",
      volume         = "10",
      year           = "2013",
      pages          = "083",
      doi            = "10.1007/JHEP10(2013)083",
      eprint         = "1306.2542",
      archivePrefix  = "arXiv",
      primaryClass   = "hep-ph",
      SLACcitation   = "%%CITATION = ARXIV:1306.2542;%%"
}



@article{Nason:2009ai,
      author         = "Nason, Paolo and Oleari, Carlo",
      title          = "{NLO Higgs boson production via vector-boson fusion
                        matched with shower in POWHEG}",
      journal        = "JHEP",
      volume         = "02",
      year           = "2010",
      pages          = "037",
      doi            = "10.1007/JHEP02(2010)037",
      eprint         = "0911.5299",
      archivePrefix  = "arXiv",
      primaryClass   = "hep-ph",
      SLACcitation   = "%%CITATION = ARXIV:0911.5299;%%"
}

@article{Nason:2013ydw,
      author         = "Nason, Paolo and Zanderighi, Giulia",
      title          = "{$\mathrm{W}^+\mathrm{W}^-$ , WZ and ZZ production in the
                        POWHEG-BOX-V2}",
      journal        = "Eur. Phys. J. C",
      volume         = "74",
      year           = "2014",
      pages          = "2702",
      doi            = "10.1140/epjc/s10052-013-2702-5",
      eprint         = "1311.1365",
      archivePrefix  = "arXiv",
      primaryClass   = "hep-ph",
      SLACcitation   = "%%CITATION = ARXIV:1311.1365;%%"
}


%%%%%%%%%%%%%%%% EXAMPLES: 


@TECHREPORT{CMS_AN_2006-027,
     AUTHOR       = "Belotelov, I. and Golutvin, I. and Bourilkov, D. and Lanyov, A. and Rogalev, E. and Savina, M. and Shmatov, S.",
     TITLE        = "Search for {ADD} extra dimensional gravity in di-muon channel with the {CMS} Detector",
     TYPE      = "CMS Note",
     NUMBER       = "2006/076",
     URL          = "http://cdsweb.cern.ch/record/962045",
     YEAR         = "2006"}
@TECHREPORT{CMS_NOTE_2006-106,
     AUTHOR       = "Aldaya, M. and Arce, P. and Caballero, J. and de la Cruz, B. and Garcia-Abia, P. and Hernandez, J. M. and Josa, M. I. and Ruiz, E.",
     TITLE        = "Discovery potential and search strategy for the Standard Model {H}iggs boson in the {$H\to\mathrm{ZZ}^\star\to 4\mu$} decay channel using a mass-independent analysis",
     TYPE      = "CMS Note",
     NUMBER       = "2006/106",
     URL          = "http://cdsweb.cern.ch/record/962058",
     YEAR         = "2006"}
%
% standard article
%
@Article{Brandt:1997gi,
     author    = "Brandt, A. and others",
 collaboration = "UA8",
     title     = "Measurements of single diffraction at $\sqrt{s} =$ 630 {GeV}:
                  Evidence for  a non-linear $\alpha(t)$ of the pomeron",
     journal   = "Nucl. Phys. B",
     volume    = "514",
     year      = "1998",
     pages     = "3",
     SLACcitation  = "%%CITATION = HEP-EX 9710004;%%",
     doi       = "10.1016/S0550-3213(97)00813-4"
}
@ARTICLE{Buchmuller:1986zs,
     AUTHOR       = "Buchm{\"u}ller, W. and Wyler, D.",
     TITLE        = "Constraints on {SU(5)}-type leptoquarks",
     JOURNAL      = "Phys. Lett. B",
     VOLUME       = "177",
     YEAR         = "1986",
     pages        = "377",
     SLACcitation  = "%%CITATION = PHLTA,B191,442;%%",
     doi          = "10.1016/0370-2693(86)90771-9"}
@Article{PTDR2,
     author    = "{CMS Collaboration}",
     title     = "{CMS} technical design report, volume {II}: {Physics}
                  performance",
     journal   = "J. Phys. G",
     volume    = "34",
     year      = "2007",
     pages     = "995",
     doi       = "10.1088/0954-3899/34/6/S01",
     SLACcitation  = "%%CITATION = JPHGB,G34,995;%%"
}
% PAS are now TECHREPORTS. Same for Notes. A formatted list of PASs is located in [svn]/utils/branches/dev/general/pasBib-tech.bib
@TECHREPORT{CMS-PAS-JME-10-003,
      AUTHOR      = "{CMS Collaboration}",
      TITLE       = "Jet Performance in pp Collisions at $\sqrt{s}$=7 {TeV}",
      URL         = "http://cdsweb.cern.ch/record/1279362",
      TYPE     = "CMS Physics Analysis Summary",
      NUMBER      = "CMS-PAS-JME-10-003",
      YEAR        = "2010"
}
%SPIRES had this one as R. Adolphi, et. al. Wrong. Now corrected in InspireHEP.
@Article{Chatrchyan:2008zzk,
     author    = "Chatrchyan, S. and others",
     collaboration = "CMS",
     title     = "The {CMS} experiment at the {CERN} {LHC}",
     journal   = "JINST",
     volume    = "3",
     year      = "2008",
     pages     = "08004",
     doi       = "10.1088/1748-0221/3/08/S08004",
     SLACcitation  = "%%CITATION = JINST,3,S08004;%%"
}
% An evergreen:
@article{Beringer:1900zz,
      author         = "{Particle Data Group} and Beringer, J. and others",
      title          = "{Review of Particle Physics}",
      journal        = "Phys. Rev. D",
      volume         = "86",
      pages          = "010001",
      doi            = "10.1103/PhysRevD.86.010001",
      year           = "2012",
      SLACcitation   = "%%CITATION = PHRVA,D86,010001;%%",
}
%
% An example of a document which only appears on arXiv. This one could alternatively be cited as a TECHREPORT using any of the various laboratory report numbers when hosted on a lab server:
% reportNumber   = "CERN-PH-EP-2010-095, FERMILAB-TM-2480-PPD, LEPEWWG-2010-01, TEVEWWG-2010-01, ALEPH-2010-001-PHYSICS-2010-001, CDF-NOTE-10338, D0-NOTE-6130, DELPHI-DELPHI-2010-001-PHYS-952, L3-NOTE-2837, OPAL-PR432, SLAC-PUB-14301",
%
@UNPUBLISHED{LEPewkfits,
     author = "{ALEPH, CDF, D0, DELPHI, L3, OPAL, SLD Collaborations,
                                    the LEP Electroweak Working Group, the Tevatron Electroweak Working Group, and the SLD Electroweak and Heavy Flavour Groups}",
     title     = "Precision electroweak measurements and constraints on
the {Standard Model}",
     URL       = "http://lepewwg.web.cern.ch/LEPEWWG",
     eprint    = "1012.2367",
     archivePrefix = "arXiv",
     primaryClass  =  "hep-ex",
     year  = "2010",
     SLACcitation  = "%%CITATION = 1012.2367;%%"
}
%
% A document hosted on a laboratory server
%
@TECHREPORT{Bertram:2000br,
  author = " Bertram, I. and Landsberg, G. and Linnemann, J. and Partridge, R. and Paterno, M. and Prosper, H. B.",
  title =  "A Recipe for the construction of confidence limits",
  institution = "Fermilab",
  number     = "{TM-2104}",
  url = "http://lss.fnal.gov/archive/test-tm/2000/fermilab-tm-2104.pdf",
  year = "2000"
 }
 %
 % A document included in Proceedings. PRL may want the ADDRESS field as well.
 %
@INPROCEEDINGS{RooStats,
  AUTHOR       = "Moneta, L. and Belasco, K. and  Cranmer, K. S. and Lazzaro, A. and Piparo, D. and Schott, G. and Verkerke, W. and Wolf, M. ",
  TITLE        = "The {R}oo{S}tats {P}roject",
  BOOKTITLE = "13$^\text{th}$ International Workshop on Advanced Computing and Analysis Techniques in Physics Research (ACAT2010)",
  YEAR         = "2010",
  PUBLISHER = "SISSA",
  NOTE = "{PoS(ACAT2010)057}",
  URL          = "http://pos.sissa.it/archive/conferences/093/057/ACAT2010_057.pdf",
  eprint = "1009.1003",
  primaryClass = "physics.data-an"
}
%
% CMS/ATLAS papers submitted but not yet accepted; The SLACcitation is not required. This is only for illustration, these are now published.
% Upon acceptance the note is modified and the DOI included (if available).
%
@Unpublished{Khachatryan:2010mp,
     author    = "{CMS Collaboration}",
     collaboration = "CMS",
     title     = "Search for Pair Production of First-Generation Scalar Leptoquarks in pp Collisions at $\sqrt{s} = 7$ {TeV}",
     eprint    = "1012.4031",
     archivePrefix = "arXiv",
     primaryClass  =  "hep-ex",
     year = "2010",
     SLACcitation  = "%%CITATION = 1012.4031;%%"
}
@Unpublished{CMS-PAPER-MUO-10-004,
     author    = "{CMS Collaboration}",
     collaboration = "CMS",
     title     = "Performance of CMS muon reconstruction in pp collision events at {$\sqrt{s} = 7$\TeV}",
     eprint    = "1206.4071",
     archivePrefix = "arXiv",
     primaryClass  =  "physics.ins-det",
     year = "2012"
}
@Unpublished{ATLAS:2011aa,
        Archiveprefix = {arXiv},
        Author = {{ATLAS Collaboration}},
        Collaboration = {ATLAS},
        Eprint = {1112.2577},
        Primaryclass = {hep-ex},
        Title = {Search for the {H}iggs boson in the {$H\to$WW(*)$\to \ell^+ \nu \ell^- \bar{\nu}$} decay channel in pp collisions at $\sqrt{s}$ = 7 {TeV} with the {ATLAS} detector},
        Year = {2011}
}

@Article{Sjostrand:2006za,
      author         = "Sj{\"o}strand, Torbj{\"o}rn and Mrenna, Stephen and Skands, Peter",
      title          = "{PYTHIA} 6.4 physics and manual",
      journal        = "JHEP",
      volume         = "05",
      pages          = "026",
      doi            = "10.1088/1126-6708/2006/05/026",
      year           = "2006",
      eprint         = "hep-ph/0603175",
      archivePrefix  = "arXiv",
      primaryClass   = "hep-ph",
      reportNumber   = "FERMILAB-PUB-06-052-CD-T, LU-TP-06-13",
      SLACcitation   = "%%CITATION = HEP-PH/0603175;%%"
}
@INCOLLECTION{nu2,
    author        = "Giunti, C. and Laveder, M.",
    title         = "Neutrino mixing",
    booktitle     = "Developments in Quantum Physics",
    editor        = "Columbus, F. and Krasnoholovets, V.",
    publisher     = "Nova Science Publishers, Inc.",
    eprint        = "hep-ph/0310238",
    archivePrefix = "arXiv",
    primaryClass  = "hep-ph",
    year          = "2004",
    isbn          = "1-59454-003-9"
}

@article{CMSHiggsGG1,
      author         = "Khachatryan, Vardan and others",
      title          = "{Measurement of differential cross sections for Higgs
                        boson production in the diphoton decay channel in pp
                        collisions at $\sqrt{s}=8\,\text {TeV} $}",
      collaboration  = "CMS",
      journal        = "Eur. Phys. J.",
      volume         = "C 76",
      year           = "2016",
      pages          = "13",
      doi            = "10.1140/epjc/s10052-015-3853-3",
      eprint         = "1508.07819",
      archivePrefix  = "arXiv",
      primaryClass   = "hep-ex",
      reportNumber   = "CMS-HIG-14-016, CERN-PH-EP-2015-195",
      SLACcitation   = "%%CITATION = ARXIV:1508.07819;%%"
}

@article{CMSHiggsGG2,
      author         = "Khachatryan, Vardan and others",
      title          = "{Observation of the diphoton decay of the Higgs boson and
                        measurement of its properties}",
      collaboration  = "CMS",
      journal        = "Eur. Phys. J.",
      volume         = "C 74",
      year           = "2014",
      pages          = "3076",
      doi            = "10.1140/epjc/s10052-014-3076-z",
      eprint         = "1407.0558",
      archivePrefix  = "arXiv",
      primaryClass   = "hep-ex",
      reportNumber   = "CMS-HIG-13-001, CERN-PH-EP-2014-117",
      SLACcitation   = "%%CITATION = ARXIV:1407.0558;%%"
}
@article{Chatrchyan:2014dha,                                                                                 
      author         = "Chatrchyan, Serguei and others",                                                     
      title          = "{Measurement of the production cross sections for a Z                                
                        boson and one or more b jets in pp collisions at $\sqrt{s} =                           
                        7\TeV$}",                                                                             
      collaboration  = "CMS",                                                                                
      journal        = "JHEP",                                                                               
      volume         = "06",                                                                                 
      year           = "2014",                                                                               
      pages          = "120",                                                                                
      doi            = "10.1007/JHEP06(2014)120",                                                            
      eprint         = "1402.1521",                                                                          
      archivePrefix  = "arXiv",                                                                              
      primaryClass   = "hep-ex",                                                                             
      reportNumber   = "CMS-SMP-13-004, CERN-PH-EP-2014-005",                                                
      SLACcitation   = "%%CITATION = ARXIV:1402.1521;%%"                                                     
}                                                                     
@article{Khachatryan:2014zya,                                                                                
      author         = "Khachatryan, Vardan and others",                                                     
      title          = "{Measurements of jet multiplicity and differential                                   
                        production cross sections of Z+jets events in                                    
                        proton-proton collisions at $\sqrt{s} =$ 7 TeV}",                                    
      collaboration  = "CMS",                                                                                
      journal        = "Phys. Rev. D",                                                                         
      volume         = "91",                                                                                
      year           = "2015",                                                                               
      pages          = "052008",                                                                             
      doi            = "10.1103/PhysRevD.91.052008",                                                         
      eprint         = "1408.3104",                                                                          
      archivePrefix  = "arXiv",                                                                              
      primaryClass   = "hep-ex",                                                                             
      reportNumber   = "CMS-SMP-12-017, CERN-PH-EP-2014-205",                                                
      SLACcitation   = "%%CITATION = ARXIV:1408.3104;%%"                                                     
                                                                   }
@article{Chatrchyan:1642680,                                                                                 
      title          = "{Observation of the associated production of a single top                            
                        quark and a $W$ boson in pp collisions at $\sqrt s = 8                            
                        \TeV$}",                                                                               
      collaboration  = "CMS",                                                                                
      journal        = "Phys. Rev. Lett.",                                                                   
      volume         = "112",                                                                                
      year           = "2014",                                                                               
      pages          = "231802",                                                                             
      doi            = "10.1103/PhysRevLett.112.231802",                                                     
      eprint         = "1401.2942",                                                                          
      archivePrefix  = "arXiv",                                                                              
      primaryClass   = "hep-ex"                                                                              
}                                                                                                            
@article{Khachatryan:2016txa,                                                                                
      author         = "Khachatryan, Vardan and others",                                                     
      title          = "{Measurement of the ZZ production cross section and Z                                
                        $\to \ell^+\ell^-\ell'^+\ell'^-$ branching fraction in pp                            
                        collisions at $\sqrt s = 13\TeV$}",                                                   
      collaboration  = "CMS",                                                                                
      journal        = "Phys. Lett. B",                                                                        
      volume         = "763",                                                                               
      year           = "2016",                                                                               
      pages          = "280",                                                                                
      doi            = "10.1016/j.physletb.2016.10.054",                                                     
      eprint         = "1607.08834",                                                                         
      archivePrefix  = "arXiv",                                                                              
      primaryClass   = "hep-ex",                                                                             
      reportNumber   = "CMS-SMP-16-001, CERN-EP-2016-174",                                                   
      SLACcitation   = "%%CITATION = ARXIV:1607.08834;%%"                                                   \
                                                                                                             
}                                                                                                            
                                                                                                             
@article{Khachatryan:2016tgp,                                                                                
      author         = "Khachatryan, Vardan and others",                                                     
      title          = "{Measurement of the WZ production cross section in pp                                
                        collisions at $\sqrt s = 13\TeV$}",                                                  
      collaboration  = "CMS",                                                                                
      journal        = "Phys. Lett. B",                                                                        
      volume         = "766",                                                                               
      year           = "2017",                                                                               
      pages          = "268",                                                                                
      doi            = "10.1016/j.physletb.2017.01.011",                                                     
      eprint         = "1607.06943",                                                                         
      archivePrefix  = "arXiv",                                                                              
      primaryClass   = "hep-ex",                                                                             
      reportNumber   = "CMS-SMP-16-002, CERN-EP-2016-169",                                                   
      SLACcitation   = "%%CITATION = ARXIV:1607.06943;%%"                                                   \
                                                                                                             
}                                    

@article{Chatrchyan:2013uza,                                                                                 
      author         = "Chatrchyan, Serguei and others",                                                     
      title          = "{Measurement of the production cross section for a W                                 
                        boson and two b jets in pp collisions at $\sqrt{s}=7                                
                        \TeV$}",                                                                               
      collaboration  = "CMS",                                                                                
      journal        = "Phys. Lett. B",                                                                        
      volume         = "735",                                                                               
      year           = "2014",                                                                               
      pages          = "204",                                                                                
      doi            = "10.1016/j.physletb.2014.06.041",                                                     
      eprint         = "1312.6608",                                                                          
      archivePrefix  = "arXiv",                                                                              
      primaryClass   = "hep-ex",                                                                             
      reportNumber   = "CMS-SMP-12-026, CERN-PH-EP-2013-223,                                                 
                        CERN-PH-EP-2013-2223",                                                               
      SLACcitation   = "%%CITATION = ARXIV:1312.6608;%%"                                                     
}                                    
@article{Khachatryan:2014uva,                                                                                
      author         = "Khachatryan, Vardan and others",                                                     
      title          = "{Differential cross section measurements for the                                     
                        production of a W boson in association with jets in proton-proton collisions at $\sqrt s=7$ TeV}",
      collaboration  = "CMS",                                                                                
      journal        = "Phys. Lett. B",                                                                        
      volume         = "741",                                                                               
      year           = "2015",                                                                               
      pages          = "12",                                                                                 
      doi            = "10.1016/j.physletb.2014.12.003",                                                     
      eprint         = "1406.7533",                                                                          
      archivePrefix  = "arXiv",                                                                              
      primaryClass   = "hep-ex",                                                                             
      reportNumber   = "CMS-SMP-12-023, CERN-PH-EP-2014-134",                                                
      SLACcitation   = "%%CITATION = ARXIV:1406.7533;%%"                                                     
}                                                   
@article{Khachatryan:2014gga,                                                                                
      author         = "Khachatryan, Vardan and others",                                                     
      title          = "{Performance of the CMS missing transverse momentum                                  
                        reconstruction in pp data at $\sqrt{s}$ = 8 TeV}",                                   
      collaboration  = "CMS",                                                                                
      journal        = "JINST",                                                                              
      volume         = "10",                                                                                 
      year           = "2015",                                                                               
      pages          = "02006",                                                                             
      doi            = "10.1088/1748-0221/10/02/P02006",                                                     
      eprint         = "1411.0511",                                                                          
      archivePrefix  = "arXiv",                                                                              
      primaryClass   = "physics.ins-det",                                                                    
      reportNumber   = "CMS-JME-13-003, CERN-PH-EP-2014-246",                                                
      SLACcitation   = "%%CITATION = ARXIV:1411.0511;%%"                                                     
}      
@article{amcatnlo,
      author         = "Alwall, J. and Frederix, R. and Frixione, S. and Hirschi,
                        V. and Maltoni, F. and Mattelaer, O. and Shao, H. -S. and
                        Stelzer, T. and Torrielli, P. and Zaro, M.",
      title          = "{The automated computation of tree-level and
                        next-to-leading order differential cross sections, and
                        their matching to parton shower simulations}",
      journal        = "JHEP",
      volume         = "07",
      year           = "2014",
      pages          = "079",
      doi            = "10.1007/JHEP07(2014)079",
      eprint         = "1405.0301",
      archivePrefix  = "arXiv",
      primaryClass   = "hep-ph",
      reportNumber   = "CERN-PH-TH-2014-064, CP3-14-18, LPN14-066, MCNET-14-09,
                        ZU-TH-14-14",
      SLACcitation   = "%%CITATION = ARXIV:1405.0301;%%"                                                                 
}
@article{Mangano:2006rw,
      author         = "Mangano, Michelangelo L. and Moretti, Mauro and
                        Piccinini, Fulvio and Treccani, Michele",
      title          = "{Matching matrix elements and shower evolution for
                        top-quark production in hadronic collisions}",
      journal        = "JHEP",
      volume         = "01",
      pages          = "013",
      year           = "2007",
      eprint         = "hep-ph/0611129",
      archivePrefix  = "arXiv",
      primaryClass   = "hep-ph",
      reportNumber   = "CERN-PH-TH-2006-232, FNT-T-2006-09",
      SLACcitation   = "%%CITATION = HEP-PH/0611129;%%",                                                                 
      doi = {10.1088/1126-6708/2007/01/013}
}
@article{Kuhn:2005gv,
      author         = "Kuhn, Johann H. and Kulesza, A. and Pozzorini, S. and
                        Schulze, M.",
      title          = "{Electroweak corrections to hadronic photon production at
                        large transverse momenta}",
      journal        = "JHEP",
      volume         = "03",
      pages          = "059",
      year           = "2006",
      doi            = "10.1088/1126-6708/2006/03/059",
      eprint         = "hep-ph/0508253",
      archivePrefix  = "arXiv",
      primaryClass   = "hep-ph",
      reportNumber   = "TTP05-16, SFB-CPP-05-44",
      SLACcitation   = "%%CITATION = HEP-PH/0508253;%%"                                                                 
}

@article{Kallweit:2014xda,
      author         = "Kallweit, Stefan and Lindert, Jonas M. and Maierh?fer,
                        Philipp and Pozzorini, Stefano and Sch?nherr, Marek",
      title          = "{NLO electroweak automation and precise predictions for
                        W+multijet production at the LHC}",
      journal        = "JHEP",
      volume         = "04",
      year           = "2015",
      pages          = "012",
      doi            = "10.1007/JHEP04(2015)012",
      eprint         = "1412.5157",
      archivePrefix  = "arXiv",
      primaryClass   = "hep-ph",
      reportNumber   = "LPN14-127, IPPP-14-107, DCPT-14-214, MCNET-14-26,
                       ZU-TH-42-14, MITP-14-102, --MITP-14-102",
      SLACcitation   = "%%CITATION = ARXIV:1412.5157;%%"
}
@inproceedings{Kallweit:2015fta,
      author         = "Kallweit, Stefan and Lindert, Jonas M. and Pozzorini,
                        Stefano and Sch?nherr, Marek and Maierh?fer, Philipp",
      title          = "{NLO QCD+EW automation and precise predictions for
                        V+multijet production}",
      booktitle      = "{50th Rencontres de Moriond on QCD and High Energy
                        Interactions La Thuile, Italy, March 21-28, 2015}",
      url            = "http://inspirehep.net/record/1372103/files/arXiv:1505.05704.pdf",
      year           = "2015",
      eprint         = "1505.05704",
      archivePrefix  = "arXiv",
      primaryClass   = "hep-ph",
      reportNumber   = "DCPT-15-56, IPPP-15-28, MITP-15-037, ZU-TH-12-15",
      SLACcitation   = "%%CITATION = ARXIV:1505.05704;%%"                                                                
}
@article{Kallweit:2015dum,
      author         = "Kallweit, Stefan and Lindert, Jonas M. and Maierhofer,
                        Philipp and Pozzorini, Stefano and Sch?nherr, Marek",
      title          = "{NLO QCD+EW predictions for V + jets including off-shell
                        vector-boson decays and multijet merging}",
      journal        = "JHEP",
      volume         = "04",
      year           = "2016",
      pages          = "021",
      doi            = "10.1007/JHEP04(2016)021",
      eprint         = "1511.08692",
      archivePrefix  = "arXiv",
      primaryClass   = "hep-ph",
      reportNumber   = "DCPT-15-140, FR-PHENO-2015-014, IPPP-15-70, MCNET-15-23,
                        MITP-15-108, ZU-TH-41-15, --MITP-15-108",
      SLACcitation   = "%%CITATION = ARXIV:1511.08692;%%"                                                                
}
@article{Nason:2004rx,
      author         = "Nason, Paolo",
      title          = "{A new method for combining NLO QCD with shower Monte
                        Carlo algorithms}",
      journal        = "JHEP",
      volume         = "11",
      pages          = "040",
      doi            = "10.1088/1126-6708/2004/11/040",
      year           = "2004",
      eprint         = "hep-ph/0409146",
      archivePrefix  = "arXiv",
      primaryClass   = "hep-ph"
}

@article{Frixione:2007vw,
      author         = "Frixione, Stefano and Nason, Paolo and Oleari, Carlo",
      title          = "{Matching NLO QCD computations with parton shower
                        simulations: the \POWHEG method}",
      journal        = "JHEP",
      volume         = "11",
      pages          = "070",
      doi            = "10.1088/1126-6708/2007/11/070",
      year           = "2007",
      eprint         = "0709.2092",
      archivePrefix  = "arXiv",
      primaryClass   = "hep-ph"
}
@article{Alioli:2010xd,
      author         = "Alioli, Simone and Nason, Paolo and Oleari, Carlo and Re,
                        Emanuele",
      title          = "{A general framework for implementing NLO calculations in
                        shower Monte Carlo programs: the \POWHEG BOX}",
      journal        = "JHEP",
      volume         = "06",
      pages          = "043",
      doi            = "10.1007/JHEP06(2010)043",
      year           = "2010",
      eprint         = "1002.2581",
      archivePrefix  = "arXiv",
      primaryClass   = "hep-ph"
}
@article{Ball:2014uwa,
      author         = "Ball, Richard D. and others",
      title          = "{Parton distributions for the LHC Run II}",
      collaboration  = "NNPDF",
      journal        = "JHEP",
      volume         = "04",
      year           = "2015",
      pages          = "040",
      doi            = "10.1007/JHEP04(2015)040",
      eprint         = "1410.8849",
      archivePrefix  = "arXiv",
      primaryClass   = "hep-ph",
      reportNumber   = "EDINBURGH-2014-15, IFUM-1034-FT, CERN-PH-TH-2013-253,
                        OUTP-14-11P, CAVENDISH-HEP-14-11",
      SLACcitation   = "%%CITATION = ARXIV:1410.8849;%%"                                                                 
}
@article{Sjostrand:2014zea,
      author         = "Sj{\"o}strand, Torbj{\"o}rn and Ask, Stefan and Christiansen,
                        Jesper R. and Corke, Richard and Desai, Nishita and Ilten,
                        Philip and Mrenna, Stephen and Prestel, Stefan and
                        Rasmussen, Christine O. and Skands, Peter Z.",
      title          = "{An Introduction to PYTHIA 8.2}",
      journal        = "Comput. Phys. Commun.",
      volume         = "191",
      year           = "2015",
      pages          = "159",
      doi            = "10.1016/j.cpc.2015.01.024",
      eprint         = "1410.3012",
      archivePrefix  = "arXiv",
      primaryClass   = "hep-ph",
      reportNumber   = "LU-TP-14-36, MCNET-14-22, CERN-PH-TH-2014-190,
                        FERMILAB-PUB-14-316-CD, DESY-14-178, SLAC-PUB-16122,
                        --FERMILAB-PUB-14-316-CD",
      SLACcitation   = "%%CITATION = ARXIV:1410.3012;%%"                                                                 
}
@article{geant4,
      author         = "Agostinelli, S. and others",
      title          = "{GEANT4: A Simulation toolkit}",
      collaboration  = "GEANT4",
      journal        = "Nucl. Instrum. Meth. A",
      volume         = "506",
      year           = "2003",
      pages          = "250",
      doi            = "10.1016/S0168-9002(03)01368-8",
      reportNumber   = "SLAC-PUB-9350, FERMILAB-PUB-03-339",
      SLACcitation   = "%%CITATION = NUIMA,A506,250;%%"                                                                  
}

@article{Sirunyan:2017ulk,
      author         = "Sirunyan, Albert M and others",
      title          = "{Particle-flow reconstruction and global event
                        description with the CMS detector}",
      collaboration  = "CMS",
      journal        = "JINST",
      volume         = "12",
      year           = "2017",
      pages          = "10003",
      doi            = "10.1088/1748-0221/12/10/P10003",
      eprint         = "1706.04965",
      archivePrefix  = "arXiv",
      primaryClass   = "physics.ins-det",
      reportNumber   = "CMS-PRF-14-001, CERN-EP-2017-110",
      SLACcitation   = "%%CITATION = ARXIV:1706.04965;%%"
}

@article{ue1,
collaboration  = "CMS",
title="Event generator tunes obtained from underlying event and multiparton scattering measurements",
year="2016",
journal="Eur. Phys. J. C",
volume="76",
pages="155",
eprint="1512.00815",
archivePrefix="arXiv",
doi="10.1140/epjc/s10052-016-3988-x",
url="https://doi.org/10.1140/epjc/s10052-016-3988-x"
}
@article{ue2,
author="Skands, P. and Carrazza, S. and Rojo, J.",
title="{Tuning PYTHIA 8.1: the Monash 2013 tune}",
journal="Eur. Phys. J. C",
year="2014",
volume="74",
pages="3024",
eprint="1404.5630",
archivePrefix="arXiv",
doi="10.1140/epjc/s10052-014-3024-y",
url="https://doi.org/10.1140/epjc/s10052-014-3024-y"
}
@article{fxfx,
      author         = "Frederix, Rikkert and Frixione, Stefano",
      title          = "{Merging meets matching in MC@NLO}",
      journal        = "JHEP",
      volume         = "12",
      year           = "2012",
      pages          = "061",
      doi            = "10.1007/JHEP12(2012)061",
      eprint         = "1209.6215",
      archivePrefix  = "arXiv",
      primaryClass   = "hep-ph",
      reportNumber   = "CERN-PH-TH-2012-247, ZU-TH-21-12",
      SLACcitation   = "%%CITATION = ARXIV:1209.6215;%%"                                                                                                                                                      
}

@article{dm2,
      author         = "Feng, Jonathan L.",
      title          = "{Dark Matter Candidates from Particle Physics and Methods
                        of Detection}",
      journal        = "Ann. Rev. Astron. Astrophys.",
      volume         = "48",
      year           = "2010",
      pages          = "495",
      doi            = "10.1146/annurev-astro-082708-101659",
      eprint         = "1003.0904",
      archivePrefix  = "arXiv",
      primaryClass   = "astro-ph.CO",
      reportNumber   = "UCI-TR-2009-13",
      SLACcitation   = "%%CITATION = ARXIV:1003.0904;%%"
}


@article{dm3,
      author         = "Porter, Troy A. and Johnson, Robert P. and Graham, Peter
                        W.",
      title          = "{Dark Matter Searches with Astroparticle Data}",
      journal        = "Ann. Rev. Astron. Astrophys.",
      volume         = "49",
      year           = "2011",
      pages          = "155",
      doi            = "10.1146/annurev-astro-081710-102528",
      eprint         = "1104.2836",
      archivePrefix  = "arXiv",
      primaryClass   = "astro-ph.HE",
      SLACcitation   = "%%CITATION = ARXIV:1104.2836;%%"
}

@article{planck,
      title          = "{Planck 2015 results. XIII. Cosmological parameters}",
      collaboration  = "Planck",
      journal        = "Astron. Astrophys.",
      volume         = "594",
      year           = "2016",
      pages          = "A13",
      doi            = "10.1051/0004-6361/201525830",
      eprint         = "1502.01589",
      archivePrefix  = "arXiv",
      primaryClass   = "astro-ph.CO",
      SLACcitation   = "%%CITATION = ARXIV:1502.01589;%%"
}


@Article{CMSdetector,
     author    = "S. Chatrchyan and others",
     collaboration = "CMS",
     title = "The {CMS} experiment at the {CERN LHC}",
     journal   = "JINST",
     volume    = "3",
     year      = "2008",
     pages     = "08004",
     doi       = "10.1088/1748-0221/3/08/S08004"
}
@unpublished{Sirunyan:2017ulk,
      title          = "{Particle-flow reconstruction and global event
                        description with the CMS detector}",
      collaboration  = "CMS",
      year           = "2017",
      eprint         = "1706.04965",
      archivePrefix  = "arXiv",
      primaryClass   = "physics.ins-det",
      note = "Submitted to \textit{JINST}",
      reportNumber   = "CMS-PRF-14-001, CERN-EP-2017-110",
      SLACcitation   = "%%CITATION = ARXIV:1706.04965;%%"                                                                                                                                  
}

@article{atlashbb,
      title          = "{Search for Dark Matter Produced in Association with a
                        Higgs Boson Decaying to $b\bar b$ using 36 fb$^{-1}$ of
                        pp collisions at $\sqrt s=13$ TeV with the ATLAS
                        Detector}",
      collaboration  = "ATLAS",
      year           = "2017",
      eprint         = "1707.01302",
      archivePrefix  = "arXiv",
      primaryClass   = "hep-ex",
      reportNumber   = "CERN-EP-2017-117",
      SLACcitation   = "%%CITATION = ARXIV:1707.01302;%%"
}

@article{Sirunyan:2017hnk,
      author         = "Sirunyan, Albert M and others",
      title          = "{Search for associated production of dark matter with a
                        Higgs boson decaying to $ \mathrm{b}\overline{\mathrm{b}}
                        $ or $\gamma \gamma$ at $ \sqrt{s}=13$ TeV}",
      collaboration  = "CMS",
      journal        = "JHEP",
      volume         = "10",
      year           = "2017",
      pages          = "180",
      doi            = "10.1007/JHEP10(2017)180",
      eprint         = "1703.05236",
      archivePrefix  = "arXiv",
      primaryClass   = "hep-ex",
      reportNumber   = "CMS-EXO-16-012, CERN-EP-2017-027",
      SLACcitation   = "%%CITATION = ARXIV:1703.05236;%%"
}
@article{PhysRevD.89.075017,
  title = {Mono-{H}iggs-boson: A new collider probe of dark matter},  
  author = {Carpenter, Linda and DiFranzo, Anthony and Mulhearn, Michael and Shimmin, Chase and Tulin, Sean and Whiteson, Daniel},
  journal = {Phys. Rev. D},
  volume = {89},
  issue = {7},
  pages = {075017},
  eprint         = "1312.2592",
  archivePrefix  = "arXiv",
  numpages = {24},
  year = {2014},
  doi = {10.1103/PhysRevD.89.075017},
  url = {https://link.aps.org/doi/10.1103/PhysRevD.89.075017}
}

@Article{Bauer2017,
author="Bauer, Martin and Haisch, Ulrich and Kahlhoefer, Felix",
title="{Simplified dark matter models with two Higgs doublets: I. Pseudoscalar mediators}",
journal="JHEP",
volume         = "05",
year="2017",
pages="138",
eprint         = "1701.07427",
archivePrefix  = "arXiv",
doi="10.1007/JHEP05(2017)138",
url="https://doi.org/10.1007/JHEP05(2017)138"
}


@article{Sirunyan:2017ezt,
      title          = "{Identification of heavy-flavour jets with the CMS
                        detector in pp collisions at 13 TeV}",
      collaboration  = "CMS",
      journal        = "JINST",
      volume         = "13",
      year           = "2018",
      pages          = "05011",
      doi            = "10.1088/1748-0221/13/05/P05011",
      eprint         = "1712.07158",
      archivePrefix  = "arXiv",
      primaryClass   = "physics.ins-det",
      reportNumber   = "CMS-BTV-16-002, CERN-EP-2017-326",
      SLACcitation   = "%%CITATION = ARXIV:1712.07158;%%"
}


@article{Aaboud:2017yqz,
      author         = "Aaboud, Morad and others",
      title          = "{Search for Dark Matter Produced in Association with a
                        Higgs Boson Decaying to $b\bar b$ using 36 fb$^{-1}$ of
                        pp collisions at $\sqrt s=13$ TeV with the ATLAS
                        Detector}",
      collaboration  = "ATLAS",
      journal        = "Phys. Rev. Lett.",
      volume         = "119",
      year           = "2017",
      pages          = "181804",
      doi            = "10.1103/PhysRevLett.119.181804",
      eprint         = "1707.01302",
      archivePrefix  = "arXiv",
      primaryClass   = "hep-ex",
      reportNumber   = "CERN-EP-2017-117",
      SLACcitation   = "%%CITATION = ARXIV:1707.01302;%%"
}

@article{Sirunyan:2017hnk,
      author         = "Sirunyan, Albert M and others",
      title          = "{Search for associated production of dark matter with a
                        Higgs boson decaying to $ \mathrm{b}\overline{\mathrm{b}}
                        $ or $\gamma \gamma$ at $ \sqrt{s}=13$\,TeV}",
      collaboration  = "CMS",
      journal        = "JHEP",
      volume         = "10",
      year           = "2017",
      pages          = "180",
      doi            = "10.1007/JHEP10(2017)180",
      eprint         = "1703.05236",
      archivePrefix  = "arXiv",
      primaryClass   = "hep-ex",
      reportNumber   = "CMS-EXO-16-012, CERN-EP-2017-027",
      SLACcitation   = "%%CITATION = ARXIV:1703.05236;%%"
}


@article{Khachatryan:2016vau,
      author         = "{ATLAS and CMS Collaborations}",
      title          = "{Measurements of the Higgs boson production and decay
                        rates and constraints on its couplings from a combined
                        ATLAS and CMS analysis of the LHC pp collision data at $
                        \sqrt{s}=7 $ and 8 TeV}",
      journal        = "JHEP",
      volume         = "08",
      year           = "2016",
      pages          = "045",
      doi            = "10.1007/JHEP08(2016)045",
      eprint         = "1606.02266",
      archivePrefix  = "arXiv",
      primaryClass   = "hep-ex",
      reportNumber   = "CERN-EP-2016-100, ATLAS-HIGG-2015-07, CMS-HIG-15-002",
      SLACcitation   = "%%CITATION = ARXIV:1606.02266;%%"
}


@unpublished{presentDM,
    author         = "Boveia, Antonio and others",
    title          = "Recommendations on presenting {LHC} searches for missing transverse
                     energy signals using simplified $s$-channel models of dark matter",
    year           = "2016",
    eprint         = "1603.04156",
    archiveprefix  = "arXiv",
    primaryClass   = "hep-ex"
}


@article{CDMSLite,
  title = "New Results from the Search for Low-Mass Weakly Interacting Massive Particles with the {CDMS} Low Ionization Threshold Experiment",
  author = {Agnese, R. and others},
  collaboration = {SuperCDMS},
  journal = {Phys. Rev. Lett.},
  volume = {116},
  pages = {071301},
  numpages = {6},
  year = {2016},
  publisher = {American Physical Society},
  doi = {10.1103/PhysRevLett.116.071301},
  archivePrefix = "arXiv",
  eprint = "1509.02448"
}

@article{LUX,
  title = "Results from a Search for Dark Matter in the Complete {LUX} Exposure",
  author = {Akerib, D. S. and others},
  collaboration = {LUX},
  journal = {Phys. Rev. Lett.},
  volume = {118},
  pages = {021303},
  numpages = {8},
  year = {2017},
  publisher = {American Physical Society},
  doi = {10.1103/PhysRevLett.118.021303},
  archivePrefix = "arXiv",
  eprint = "1608.07648"
}

@article{XENON1T,
  title = "First Dark Matter Search Results from the {XENON1T} Experiment",
  author = {Aprile, E. and others},
  collaboration = {XENON},
  journal = {Phys. Rev. Lett.},
  volume = {119},
  pages = {181301},
  numpages = {6},
  year = {2017},
  publisher = {American Physical Society},
  doi = {10.1103/PhysRevLett.119.181301},
  archivePrefix = "arXiv",
  eprint = "1705.06655"
}

@article{PandaxII,
  title = "Dark Matter Results from 54-Ton-Day Exposure of {P}anda{X}-{II} Experiment",
  author = {Cui, Xiangyi and others},
  collaboration = {PandaX-II},
  journal = {Phys. Rev. Lett.},
  volume = {119},
  pages = {181302},
  numpages = {7},
  year = {2017},
  publisher = {American Physical Society},
  doi = {10.1103/PhysRevLett.119.181302},
  archivePrefix = "arXiv",
  eprint = "1708.06917"
}

@Article{CresstII,
title="Results on light dark matter particles with a low-threshold {CRESST-II} detector",
author="Angloher, G. and others",
journal="Eur. Phys. J. C",
collaboration="{CRESST-II}",
year="2016",
day="20",
volume="76",
pages="25",
issn="1434-6052",
doi="10.1140/epjc/s10052-016-3877-3",
archivePrefix="arXiv",
eprint="1509.01515"
}

